3167 5250
637 490 853 554 ..53-

124 660 238 727 attulit
254 658 438 727 Alexander
454 660 576 726 Riese
598 660 631 725 in
652 659 832 745 appendice
854 659 896 725 M.
908 659 1037 725 Terenti
1056 659 1211 725 Varronis
1227 658 1361 726 Satura·

122 787 198 831 rum
221 765 466 848 Menippearum
489 763 687 848 reliquarum
710 762 809 848 (Lips.
833 766 938 848 1865),
970 762 1121 829 videntur
1149 762 1229 828 mihi
1256 761 1362 828 tribus

123 870 205 934 locis
228 874 341 934 extare
363 866 582 953 apostrophae
602 866 696 948 tales,
719 889 803 952 quae
823 866 965 951 pendent
986 887 1007 932 a
1028 872 1145 951 poetae
1166 865 1360 951 quibusdam

124 970 307 1038 affectibus.
340 971 461 1055 ⁴lltqui
490 978 579 1036 verte
613 970 724 1036 oculos
752 971 795 1036 ad
826 970 987 1050 Graecae,
1020 969 1077 1036 nbi
1108 969 1363 1054 Apollonius

124 1075 315 1141 Rhodius
344 1073 479 1140 eandmn
509 1075 678 1140 materiam
711 1074 867 1140 tractavit
896 1074 930 1140 in
962 1074 1031 1140 fere
1065 1072 1178 1139 eodem
1211 1094 1361 1139 versuum

124 1199 260 1244 numero
289 1199 327 1243 ac
358 1177 552 1243 Valerius
585 1177 765 1243 Flaccus
800 1178 913 1261 (etiam
943 1181 1077 1261 superat
1108 1177 1271 1243 Valerium
1299 1182 1363 1243 230

125 1280 302 1366 versibus),
338 1280 371 1345 in
410 1279 460 1346 his
488 1281 716 1364 Argonauticis
744 1301 821 1346 vero
853 1280 1033 1347 invenimus
1062 1280 1293 1365 apostropham
1323 1301 1363 1345 ex

125 1391 242 1469 poetae
271 1382 391 1449 affectu
420 1383 577 1449 adscitam
609 1389 735 1450 tantum
765 1385 885 1468 septies
914 1384 968 1468 (cf.
988 1407 1019 1468 p.
1044 1387 1114 1469 52);
1151 1383 1181 1449 h.
1206 1404 1233 1448 e.
1264 1383 1364 1467 igitur

113 1489 254 1554 dicere:
276 1487 330 1553 hic
352 1509 481 1573 quoque
503 1493 631 1553 constat
645 1488 863 1553 Romanorum
880 1493 995 1572 poetas
1009 1488 1043 1554 in
1059 1487 1245 1554 narratione
1261 1487 1363 1554 multo

129 1592 232 1675 magis
254 1600 349 1656 metae
372 1596 466 1655 animi
485 1596 632 1656 extulisse
654 1612 751 1675 quam
774 1592 944 1657 Graecum.

213 1695 311 1774 Idem,
333 1693 421 1778 quod
439 1694 478 1759 de
494 1693 608 1759 horum
624 1695 843 1760 Romanorum
866 1700 1035 1779 poetarum
1058 1696 1184 1761 ratione
1199 1693 1362 1761 scribendi

28 1866 30 1869 ,
128 1798 345 1880 cognovimus,
369 1796 575 1863 iudicandum
602 1799 665 1862 erit
686 1797 727 1863 de
749 1797 897 1882 reliquis,
919 1820 1055 1883 quorum
1080 1799 1224 1864 carmina
1245 1798 1309 1864 hac
1330 1799 1362 1863 in

126 1901 357 1967 dissertatione
380 1900 564 1966 attulimus:
594 1906 750 1984 quantum
774 1922 814 1966 ex
837 1923 946 1967 eorum
970 1901 1189 1987 apostrophae
1213 1924 1271 1968 usu
1292 1923 1364 1967 eon-

126 2004 321 2070 cludendum
352 2009 402 2070 est
433 2004 487 2089 (de
516 2004 750 2088 antiquissimis
777 2002 978 2089 temporibus
1008 2005 1132 2071 scilicet
1153 2027 1193 2071 ex
1218 2005 1364 2090 reliquiis

124 2109 172 2174 nil
188 2109 269 2174 certi
291 2107 354 2172 dici
377 2109 507 2193 potest),
531 2129 651 2188 omnes,
674 2108 729 2174 ubi
748 2114 973 2188 narraverunt,
995 2109 1125 2175 minime
1140 2108 1203 2175 hoc
1217 2109 1364 2175 lecerunt

7 2216 9 2221 ’
123 2216 450 2289 116611661116116,
474 2209 587 2277 utillo
610 2212 743 2278 Taciteo
765 2216 850 2292 utar,
873 2212 930 2278 sed
953 2213 1121 2278 occasione
1145 2213 1222 2278 data
1238 2234 1365 2297 semper

125 2315 332 2394 studuerunt,
356 2313 391 2379 u't
406 2336 481 2380 suos
501 2316 643 2400 ipsorum
661 2313 798 2381 affectus
813 2316 994 2381 narrationi
1015 2316 1267 2402 interponerent.
1303 2317 1364 2396 Qui

125 2418 251 2484 Ovidi
266 2418 392 2496 Festos,
410 2421 519 2483 Artem
536 2426 643 2492 amat..
668 2418 799 2484 Remed.
816 2441 914 2484 amor.
939 2419 990 2485 vel
1006 2421 1149 2486 carmina
1164 2419 1368 2505 Properti

126 2521 180 2586 vel
210 2520 318 2606 epicos
345 2542 457 2586 versus
479 2523 642 2588 Lucani
673 2522 809 2607 legerit,
839 2524 994 2590 concedet
1023 2525 1056 2589 in
1085 2523 1136 2589 his
1168 2522 1365 2589 carminibus

125 2631 242 2712 poetas
263 2625 373 2690 inilia
405 2627 559 2692 raetiam
584 2627 715 2692 modum
738 2628 932 2711 excessisse,
961 2634 1059 2712 atque
1089 2650 1152 2694 non
1183 2628 1365 2707 mirabitur,

126 2730 216 2814 quod
244 2729 382 2795 lacobus
404 2729 556 2796 Grimm
587 2731 620 2795 in
650 2732 937 2811 commentatione,
969 2738 1141 2816 quaeest:
1174 2731 1280 2797 Ueber
1302 2732 1363 2797 den

126 2833 430 2898 Personenwechsel
458 2835 492 2898 in
520 2834 578 2899 der
601 2834 689 2900 Rede
712 2832 986 2920 (Abhandlungen
1009 2835 1037 2899 d.
1059 2834 1186 2918 Kdnigl.
1210 2834 1311 2900 Akad.
1335 2835 1365 2900 d.

127 2938 222 3003 Wiss.
246 2936 331 3001 Berl.
361 2940 466 3022 1856),
498 2944 670 3022 postquam
700 2938 905 3023 vituperavit,
944 2959 1016 3003 mea
1046 2938 1176 3022 quidem
1205 2939 1366 3004 sententia

126 3041 256 3120 iniuria,
284 3039 456 3106 nonnullas
480 3041 682 3123 Vergilianas
705 3040 930 3125 apostrophae,
963 3042 1011 3106 ita
1032 3043 1153 3125 pergit:
1185 3040 1366 3122 „Gleioher,

128 3166 179 3209 wo
201 3143 291 3209 nicht
314 3147 480 3228 grdsserer
502 3143 706 3210 Missbrauch
729 3144 889 3229 begegnet
912 3145 1131 3211 bei'anderen
1151 3145 1364 3211 lateinischen

128 3247 295 3327 Dichtern,
319 3248 515 3313 namentlich
535 3248 658 3328 Lukan,
681 3248 739 3314 der
762 3248 825 3314 den
847 3248 971 3315 Nomen
993 3250 1074 3315 Rom
1097 3249 1162 3314 fast
1184 3248 1366 3315 1116111161-

128 3351 287 3436 sprechen
309 3351 406 3431 kann,
428 3349 511 3417 ohne
533 3353 579 3417 sie
601 3375 639 3416 zu
662 3352 764 3419 duzen
788 3353 854 3418 und
877 3354 1075 3419 anzureden:
1099 3358 1127 3433 l,
1152 3359 1210 3434 853
1235 3358 1262 3433 l,
1285 3358 1366 3436 2053

130 3462 161 3534 6,
185 3459 264 3536 309;
288 3461 316 3535 7,
339 3460 397 3536 29;
426 3456 514 3520 seine
536 3456 657 3539 evigen
680 3456 858 3522 Gedanlren
880 3457 952 3522 sind
974 3457 1075 3522 Cisar
1095 3456 1161 3521 und
1183 3457 1281 3537 Rom,
1311 3458 1369 3523 aul

130 3558 184 3624 die
220 3558 330 3642 Lange
366 3558 446 3623 wird
483 3559 571 3625 diese
609 3558 821 3626 Wiederkehr
854 3560 912 3625 der
950 3560 1076 3626 Anrede
1115 3561 1366 3645 unertriiglicl1“.

131 3662 323 3727 Rectissime
352 3663 436 3727 enim
468 3663 685 3743 Quintilianus
715 3669 867 3749 spectans
897 3663 939 3728 ad
968 3663 1090 3747 figuras
1120 3663 1300 3739 rhetoricas
1320 3665 1366 3728 lx

132 3771 257 3845 3,101:
278 3770 342 3831 Sed
355 3788 394 3830 ne
415 3788 471 3830 ene
495 3768 764 3851 quidem-inquit,
788 3789 868 3847 quoe
889 3778 974 3833 recte
991 3776 1079 3846 fieret,
1103 3775 1281 3834 1161161166
1297 3781 1369 3834 rant

131 3874 228 3933 nimir.
272 3875 348 3934 Nom
371 3866 519 3935 61161161
541 3876 666 3936 mutatio
686 3878 901 3951 oculorumque
923 3876 1078 3937 coniectas
1100 3879 1222 3937 multum
1244 3878 1367 3937 166616

132 3979 227 4052 valet,
257 3981 315 4039 red
333 3979 361 4037 11
384 3979 451 4052 quis
475 3981 589 4039 decere
611 3995 644 4038 61
668 3979 829 4055 exquisitis
857 3981 954 4040 modia
975 3978 1139 4051 6111611111
1161 3996 1199 4040 oc
1224 3981 1368 4040 luminum

131 4082 338 4147 inconstantia
360 4083 521 4157 trepidare
542 4099 602 4141 666
626 4083 762 4143 desinet:
784 4084 935 4143 rideatur.

219 4180 289 4246 Hac
310 4201 346 4245 re
362 4182 493 4265 perveni
516 4181 557 4245 ad
579 4180 675 4245 finem
698 4181 793 4247 huius
815 4181 1074 4264 dissertationis,
1096 4183 1122 4247 si
1146 4203 1222 4248 vero
1245 4182 1367 4266 aliquid

132 4283 281 4349 attulisse
314 4284 470 4351 censebor
499 4284 542 4350 ad
572 4291 743 4369 poetarum
768 4285 985 4352 Romanorum
1016 4285 1179 4353 scribendi
1208 4288 1366 4352 rationem

133 4386 374 4471 explorandam,
397 4408 592 4473 magnopere
615 4387 772 4454 laetabor.
