3167 5250
730 481 924 544 ..6-

179 637 182 642 ’
239 652 375 712 mento
413 648 633 731 profectus
671 671 884 733 quaeram,
929 672 1006 734 quo
1044 650 1159 715 modo
1203 651 1475 735 reliquorum

239 756 457 834 poetarum
475 753 741 819 Romanorum
766 754 1016 833 clarissimi,
1037 757 1265 838 praecipue
1288 755 1475 840 dactyli-

240 875 393 935 carum,
417 856 585 921 eandem
608 856 792 940 figuram
814 859 1136 942 usurpaverint,
1167 880 1246 941 qua
1267 860 1307 922 in
1332 880 1373 922 re
1397 881 1475 923 non

240 958 369 1023 semel
391 958 551 1023 Graeca
573 961 766 1044 exempla
788 961 837 1026 ad
859 961 1168 1027 illustrandum
1192 984 1305 1026 usum
1330 963 1475 1027 Roma-

227 1080 380 1127 norum
406 1062 625 1129 adhibebo.

756 1406 902 1474 urens
925 1409 955 1474 1.
989 1365 992 1370 ’

324 1563 341 1644 ᾗ
365 1569 391 1626 1.
437 1564 486 1627 Ex
508 1563 674 1628 rhetorum
698 1565 897 1628 Graecorum
921 1571 953 1628 et
977 1566 1192 1629 Romanorum
1220 1567 1358 1649 profecti
1380 1589 1477 1651 prae·

240 1666 342 1750 ceptis
365 1666 458 1731 multi
483 1667 543 1730 viri
567 1667 653 1731 docti
675 1668 707 1731 in
730 1668 823 1732 libris
845 1668 887 1731 ad
910 1675 1013 1732 artem
1034 1668 1229 1733 rhetoricam
1250 1672 1478 1753 spectantibus

238 1771 439 1853 seripserunt
454 1756 503 1834 ¹de
529 1772 696 1854 provincia
717 1776 750 1835 et
771 1771 956 1836 definitione
981 1773 1050 1836 eius
1081 1772 1206 1852 figurae
1232 1782 1328 1855 quam
1352 1779 1476 1839 tracta-

237 1873 353 1941 bimus.
389 1874 451 1952 Qui
467 1879 575 1938 tamen
592 1873 673 1938 haec
696 1875 819 1958 scripta
834 1876 956 1940 maiore
972 1897 1044 1939 cum
1061 1876 1228 1958 diligentia
1242 1879 1477 1960 percensuerit‚

239 1982 410 2060 cognoscet
438 1998 506 2058 rem
536 1978 640 2061 ipsam
664 1977 704 2042 de
734 2000 799 2061 qua
829 1979 937 2061 agitur
969 1980 1097 2043 minime
1127 1981 1312 2063 pervenisse
1334 1981 1377 2045 ad
1403 2002 1477 2046 eam

239 2080 430 2159 claritatem,
454 2101 537 2163 quae
560 2081 703 2165 optanda
726 2088 784 2146 est.
830 2083 922 2161 Quod
950 2083 1033 2146 enim
1059 2085 1201 2166 pertinet
1223 2084 1266 2148 ad
1289 2084 1478 2150 Ernestii

238 2183 364 2249 lexicon
395 2183 619 2266 technologiae
649 2184 848 2250 Graecorum
878 2192 912 2249 et
937 2186 1126 2250 Latinorum
1161 2187 1343 2252 rhetoricae
1374 2189 1476 2273 (Lips.

240 2289 483 2371 rrae-1797),
504 2288 664 2352 assentior
686 2290 742 2368 eis,
771 2300 855 2371 quae
883 2289 1009 2372 profert
1039 2289 1222 2374 Monsel),
1252 2297 1335 2354 illum
1366 2297 1478 2356 librum

238 2398 329 2457 bodie
351 2413 411 2456 noo
432 2397 596 2472 raficam,-
621 2413 677 2456 nec
700 2399 930 2456 animamarum
952 2398 1010 2457 loci
1032 2400 1309 2473 tractandumque
1332 2402 1478 2460 exhausti

133 2533 136 2538 -
238 2498 309 2559 suot
330 2506 384 2559 out
405 2501 492 2560 allati
514 2516 624 2560 oneum.
669 2495 864 2578 Diligentius
886 2496 1017 2580 scripsit
1037 2497 1076 2561 de
1091 2497 1291 2581 apostropha
1307 2497 1476 2565 Gerardus

240 2598 419 2664 Vossius
445 2598 478 2662 in
507 2597 590 2663 libro
621 2599 676 2682 qui
698 2599 887 2665 inscribitur
910 2601 1214 2665 commentariorum
1239 2601 1476 2668 rhetoricorum

239 2703 306 2768 sive
321 2703 537 2768 oratoriarum
555 2703 793 2772 institutionum
815 2704 891 2769 libri
913 2705 1021 2786 sex²);
1046 2704 1193 2769 diversae
1216 2710 1325 2770 tamen
1348 2708 1477 2791 species

238 2805 362 2889 figurae
391 2806 437 2871 ibi
467 2805 707 2871 confunduntur
736 2808 821 2870 inter
851 2829 894 2885 se,
930 2807 1015 2872 unde
1044 2828 1163 2890 magna
1191 2810 1396 2891 perturbatio
1427 2811 1476 2879 fit.

240 2909 395 2975 Similiter
416 2930 468 2973 res
490 2931 524 2973 se
546 2909 648 2974 habet
667 2911 701 2974 iu
724 2910 906 2975 Gerberi
937 2911 1021 2975 libro
1040 2912 1208 2976 notissimo
1231 2912 1306 2996 (Die
1329 2914 1477 2997 Sprache

187 3041 189 3044 ·
240 3014 289 3078 als
303 3013 417 3078 Kunst.
440 3011 525 3077 Berl.
543 3018 640 3093 18853
664 3012 703 3077 cf.
726 3014 829 3092 1513,
852 3014 882 3077 ΙΙ
899 3019 960 3078 272
970 3017 1053 3097 sqq).
1092 3014 1376 3081 Volkmannus
1398 3039 1477 3083 vero

242 3118 275 3182 iu
297 3117 381 3182 libro
404 3117 459 3199 qui
483 3122 532 3180 est
550 3116 591 3180 de
607 3122 678 3180 arte
697 3117 862 3182 rhetorica
878 3117 1077 3182 Graecorum
1093 3124 1126 3182 et
1141 3118 1358 3183 Romanorum
1375 3122 1477 3204 (lips.

240 3219 405 3303 1118853)
427 3220 680 3302 haudquaquam
701 3221 787 3284 omni
811 3242 851 3284 ex
874 3226 968 3304 parte
990 3226 1079 3286 recte
1102 3222 1182 3285 dicit
1204 3222 1244 3285 de
1266 3225 1477 3308 apostropha,

241 3325 360 3408 quippe
376 3324 432 3407 qui
447 3344 518 3387 eam
535 3323 673 3407 speciem
696 3323 828 3407 figurae,
851 3326 884 3387 in
901 3345 966 3407 qua
986 3324 1068 3388 haec
1091 3324 1277 3390 dissertatio
1299 3329 1478 3411 praecipue

239 3428 432 3506 versabitur,
448 3427 576 3491 omuino
592 3426 722 3492 silentio
736 3428 952 3510 praeterierit.
987 3427 1161 3511 Monse4)
1178 3434 1211 3492 et
1230 3429 1477 3516 Straubiuse)

229 3543 435 3614 'quamquam
450 3530 552 3594 multo
565 3529 787 3613 diligentiores
807 3530 939 3595 fuerunt
952 3532 985 3594 in
1000 3531 1105 3613 figura
1121 3531 1343 3613 describenda,
1365 3541 1478 3599 tamen

240 3654 324 3717 quae
349 3633 413 3698 huc
436 3635 594 3716 spectant,
620 3654 660 3697 ne
683 3633 745 3717 ipsi
769 3634 899 3717 quidem
922 3635 1066 3698 exsecuti
1087 3640 1162 3698 sunt
1184 3636 1308 3717 omnia3
1340 3638 1477 3719 accedit,

241 3736 327 3821 quod
347 3737 489 3801 Monse
506 3743 645 3801 vrevocat
666 3758 725 3801 nos
748 3737 789 3801 ad
814 3738 990 3801 Dzialae
1020 3737 1288 3817 dissertationem,
1320 3763 1402 3824 quae
1426 3748 1479 3806 est

241 3842 281 3907 de
297 3841 503 3924 antiquorum
519 3841 685 3905 rhetorum
702 3841 742 3905 de
756 3840 870 3924 figuris
885 3840 1034 3905 doctrina
1046 3843 1166 3925 (progr.
1179 3864 1320 3928 gymnas.
1334 3844 1477 3927 Magdal.

328 4085 353 4151 1)
376 4082 513 4137 Veterum
538 4082 693 4137 Rhetorum
718 4082 752 4136 de
776 4085 975 4137 sententiarum
1000 4083 1096 4152 figuris
1131 4084 1264 4138 doctrina.
1307 4084 1373 4139 Pars
1397 4088 1478 4155 prior

241 4171 315 4238 (diss.
334 4171 400 4240 phil.
420 4169 461 4223 ed.
479 4167 661 4223 Vratislaviae
681 4170 757 4235 1869)
775 4169 861 4238 praef.
879 4188 906 4239 p.
919 4173 943 4224 3.

326 4259 352 4325 2)
372 4256 413 4311 cf.
432 4255 460 4310 V
477 4275 504 4325 p.
516 4258 567 4309 363
580 4274 638 4324 sqq.

326 4343 353 4411 3)
373 4342 414 4396 Of.
433 4361 460 4412 p.
479 4343 543 4411 1433
560 4344 620 4396 500.

326 4428 353 4497 4)
370 4428 403 4483 L.
422 4447 443 4482 s.
462 4447 482 4482 s.
501 4447 528 4497 p.
541 4431 575 4482 20
587 4445 646 4497 sqq.

327 4517 353 4584 5)
370 4513 415 4569 De
433 4517 521 4585 tropis
539 4519 567 4568 et
585 4513 686 4584 figuris,
713 4533 781 4583 quae
805 4517 979 4569 inveniuntur
996 4518 1024 4568 in
1044 4517 1213 4570 orationibus
1231 4516 1428 4571 Demosthenis
1446 4524 1477 4573 et

243 4602 384 4657 Ciceronis
403 4602 477 4669 (diss.
496 4601 562 4670 phil.
582 4599 758 4673 Wirzeburgi
778 4605 853 4670 1883)
872 4621 898 4672 p.
917 4605 951 4655 88
961 4620 1019 4670 sqq.
