3167 5250
611 472 825 532 „19-

101 637 193 703 illum
227 637 339 703 virum.
397 636 551 704 Similiter
585 638 676 721 luget
706 660 765 723 per
799 639 1029 724 apostropham
1065 644 1231 724 tamquam
1265 645 1340 705 ante

103 742 214 808 oculos
234 744 373 806 omnium
392 742 503 806 Ulixes
524 748 660 807 mortem
684 742 817 807 Achillis
841 745 998 822 inversu,
1022 742 1077 827 qui
1100 749 1151 809 est
1172 744 1247 808 Met.
1263 743 1341 808 XIII
1459 756 1460 759 ’

105 850 182 926 13ος
206 851 304 930 atque
326 846 408 910 haec
430 861 502 910 mea
522 847 682 911 sententia
697 846 907 911 confirmatur
923 847 1044 931 optime
1066 868 1113 927 eo,
1137 848 1224 931 quod
1243 853 1341 932 poeta

102 951 173 1032 ipse
206 948 332 1014 addidit
362 971 420 1032 per
440 949 678 1033 parenthesim:
710 971 863 1030 mannqnc
895 956 987 1015 simul
1021 958 1113 1016 velati
1147 956 1341 1016 lacrimantia

103 1058 193 1116 tersit
213 1056 351 1117 Lamina.

190 1155 362 1239 Religio
385 1155 448 1221 dei
473 1154 586 1235 elucet,
611 1177 683 1235 cum
707 1159 832 1222 Aeneas
858 1157 987 1225 Aeneid.
1003 1158 1050 1222 III
1074 1164 1132 1223 371
1159 1180 1338 1224 sermonem

103 1260 202 1324 vertit
233 1259 274 1322 ad
305 1258 470 1324 Phoebum
505 1266 562 1324 aut
592 1260 748 1325 Anchises
778 1263 854 1324 Aen.
880 1262 923 1326 VI
954 1266 1017 1326 870
1046 1262 1088 1325 ad
1118 1283 1252 1346 superos
1285 1270 1342 1326 aut

104 1358 220 1428 Medea
252 1363 382 1427 Metam.
411 1364 471 1429 VII
499 1369 560 1428 207
596 1363 637 1427 ad
671 1363 811 1442 Lunam,
846 1385 959 1428 amor
992 1365 1235 1448 pietasque,
1269 1387 1341 1430 cum

105 1471 231 1531 Aeneas
254 1467 286 1530 in
310 1487 413 1544 versu,
435 1467 491 1548 qui
514 1472 563 1530 est
586 1470 639 1530 Ae.
664 1468 694 1532 II
718 1471 789 1545 (164,
812 1466 984 1550 compellat
1005 1480 1132 1532 nonen
1154 1476 1262 1533 almam
1286 1475 1343 1533 aut

107 1569 171 1635 alio
207 1570 288 1648 loce,
324 1571 379 1653 qni
413 1576 462 1635 est
491 1573 546 1635 Ae.
577 1570 624 1635 III
653 1576 703 1648 58,
732 1571 847 1634 Iulum.
901 1570 1003 1635 Nemo
1037 1593 1135 1655 porro
1168 1572 1341 1637 contendet

107 1674 350 1758 apostropham,
371 1694 468 1757 quam
484 1673 554 1739 Nisi
575 1673 643 1737 filia
664 1675 816 1753 inversu,
847 1675 902 1758 qui
922 1675 1084 1740 invenitur
1105 1675 1181 1740 Met.
1194 1664 1268 1741 VIII
1281 1681 1342 1753 Ad,

106 1778 189 1842 facit
202 1779 236 1841 in
252 1777 399 1855 Minoem,
421 1776 614 1860 profluxisse
638 1799 677 1841 ex
700 1799 756 1843 aru
767 1798 785 1841 o
795 1798 836 1841 re
852 1778 984 1860 virginis
999 1779 1141 1843 timentis
1157 1801 1196 1843 ac
1210 1779 1343 1856 veritae,

106 1903 146 1945 ne
181 1881 253 1967 quis
287 1886 465 1959 Imprudens
490 1890 620 1959 pectora
651 1887 745 1945 annali
774 1887 834 1945 virt
863 1888 1058 1946 crnlneraret!
1116 1880 1217 1948 Simili
1248 1882 1342 1946 modo

107 1984 261 2048 allocutio
284 1987 394 2048 Annae
416 1984 448 2047 in
473 2005 584 2060 versu,
607 2005 702 2067 quem
725 1983 861 2066 legimus
886 1984 1015 2049 Heroid.
1040 1985 1100 2051 VII
1124 1992 1199 2064 191,
1223 1986 1343 2069 optime

107 2087 311 2170 intellegitur
342 2108 381 2167 ex
404 2108 514 2151 amore
537 2072 671 2151 Didonis
695 2089 824 2151 sororis.
870 2087 1027 2161 Memoria
1048 2089 1116 2153 eius
1139 2094 1257 2166 autem,
1288 2091 1344 2171 qui

107 2192 272 2274 eripuerat
304 2190 457 2255 Euandro
487 2190 699 2268 carissimum,
732 2191 819 2275 quod
850 2190 1003 2269 habebat,
1036 2193 1069 2254 in
1099 2193 1206 2256 animo
1240 2194 1343 2276 patris

107 2295 231 2359 scilicet
252 2294 333 2358 nihil
355 2294 443 2358 aliud
467 2293 550 2358 effici
576 2299 684 2378 potest
706 2296 769 2359 nisi
792 2295 928 2359 odium
957 2300 996 2359 et
1020 2296 1100 2377 ira,
1133 2296 1218 2361 unde
1241 2297 1345 2360 oritur

108 2401 163 2463 Ac.
187 2398 233 2461 III
258 2402 316 2462 173
340 2397 422 2461 haec
445 2399 586 2463 aversio:
625 2403 668 2462 Ta
691 2420 810 2478 quoqne
832 2419 914 2463 nanc
935 2410 1036 2464 stares
1057 2404 1196 2463 immanis
1218 2411 1346 2464 trancas

107 2508 140 2565 in
163 2507 267 2578 arrato,
290 2506 378 2565 Esset
396 2522 458 2580 par
480 2512 566 2565 actas
589 2512 619 2565 et
643 2507 722 2566 idern
744 2507 771 2565 si
794 2506 890 2566 roban
912 2507 950 2566 ab
973 2508 1073 2580 annia,
1100 2507 1211 2568 Tarne.

194 2626 211 2708 S
228 2630 256 2688 6.
294 2625 330 2688 In
350 2620 514 2706 exemplis,
538 2644 620 2705 quae
637 2621 744 2687 adhuc
759 2625 906 2704 tractavi,
923 2624 1202 2707 compellabo-ntur
1218 2646 1344 2708 semper

107 2748 319 2811 personae
351 2726 527 2809 quaedam,
561 2725 611 2790 vel
646 2729 754 2810 superi
785 2727 836 2791 vel
872 2727 1042 2805 mortales3
1078 2727 1195 2809 quibus
1233 2730 1344 2791 statim

110 2852 253 2895 asseram
270 2830 424 2895 nonnulla
446 2829 626 2908 eiusmodi,
649 2829 706 2894 uhi
722 2851 828 2895 sermo
844 2831 980 2894 vertitur
995 2831 1037 2895 ad
1052 2832 1213 2895 uomina
1229 2853 1345 2913 quae·
1368 2821 1384 2892 .’

109 2934 197 2999 dam
226 2933 466 3011 abstracta,
496 2955 579 3015 quae
610 2939 718 2997 tamen
749 2955 768 2995 a
797 2940 896 3016 poeta
926 2934 1020 3016 quasi
1049 2955 1204 3017 personas
1233 2934 1346 2998 hahita

109 3059 180 3102 esse
202 3043 347 3121 apparet.
392 3038 446 3101 Sic
468 3038 550 3100 enim
574 3037 711 3119 legimus
736 3040 789 3100 Ae.
806 3037 853 3100 III
877 3044 916 3102 56
933 3059 996 3119 sq.:
1023 3043 1103 3113 onia
1123 3059 1183 3101 nen
1206 3044 1347 3102 rnorlnlia

103 3152 237 3221 pectora
269 3146 370 3219 copis,
404 3146 481 3204 Anrn'
499 3162 594 3205 sacra
622 3141 742 3216 sames?
786 3139 857 3204 Hac
888 3141 921 3204 in
949 3141 1148 3224 apostropha
1174 3140 1348 3205 iudicanda

110 3244 442 3324 Quintilianum,
477 3245 532 3326 qui
563 3243 634 3308 loco
668 3265 766 3328 snpra
803 3245 889 3307 dicto
920 3244 974 3326 (ef.
1000 3268 1028 3328 p.
1063 3243 1116 3327 11)
1149 3244 1211 3308 hoc
1243 3245 1348 3328 ipsam

111 3348 293 3432 exemplum
317 3347 456 3412 afferens
478 3350 510 3411 in
534 3348 680 3431 enallage
702 3369 860 3431 personae
884 3349 1049 3431 cognoscit
1064 3348 1144 3412 nihil
1159 3348 1221 3411 nisi
1243 3369 1348 3430 gram·

110 3453 264 3516 maticam
288 3451 436 3535 figuram,
467 3473 532 3533 qua
558 3449 666 3514 aenens
693 3473 752 3526 non
774 3461 920 3526 mactator,
950 3458 1008 3515 sed
1027 3461 1142 3515 inritam
1164 3453 1266 3526 forma
1289 3457 1349 3514 elo-

113 3563 238 3635 quendi,
262 3557 420 3620 erravisse
443 3555 521 3619 mihi
545 3554 674 3637 quidem
698 3560 834 3618 constat.
879 3554 951 3618 Hoc
973 3556 1055 3618 enim
1072 3577 1167 3618 versu
1189 3553 1348 3636 redigitur

111 3661 145 3722 iu
177 3660 363 3723 memoriam
399 3666 543 3723 nostram
572 3658 643 3737 ille,
684 3659 738 3740 qui
767 3663 929 3722 tractatus
958 3665 1008 3724 eet
1041 3681 1071 3742 p.
1098 3664 1146 3736 16,
1181 3657 1212 3721 h.
1235 3678 1262 3721 e.
1293 3660 1348 3722 Ae.

111 3762 156 3826 IV
185 3765 265 3826 412:
302 3766 442 3841 Improbe
472 3768 571 3836 Amor,
603 3766 678 3840 qaid
716 3783 775 3824 non
808 3766 950 3824 mortalia
979 3771 1110 3840 pectora
1149 3766 1255 3840 capis?
1307 3760 1350 3824 Ut

112 3886 188 3928 vero
212 3886 311 3947 supra
334 3864 411 3942 feci,
440 3863 524 3956 hanc
554 3886 682 3946 quoque
706 3864 936 3948 apostropham
966 3865 1035 3927 sine
1056 3863 1123 3927 ulla
1146 3863 1349 3927 dubitatione

112 3969 238 4052 explico
261 3989 300 4032 ex
324 3967 619 4049 indignatione.
657 3970 763 4050 Atque
786 3988 881 4032 nemo
905 3967 1078 4031 contendet
1098 3968 1241 4031 facinore
1256 3965 1349 4049 Poly-

113 4073 272 4152 mestoris,
296 4073 350 4156 qui
367 4070 560 4156 Polydorum
584 4091 663 4134 auro
686 4070 832 4153 potiendi
855 4092 953 4134 cansa
969 4070 1185 4158 obtruncavit,
1208 4071 1348 4134 animum

113 4178 241 4240 Aeneae
263 4176 349 4240 iusto
365 4175 434 4239 iure
450 4174 537 4237 attici
552 4195 647 4257 posse
663 4173 746 4253 odio,
768 4174 999 4257 indignatione,
1022 4176 1072 4237 ira
1087 4175 1120 4237 in
1135 4175 1207 4238 auri
1223 4194 1350 4237 sacram

113 4278 247 4359 famem3
271 4278 321 4342 vel
344 4299 383 4342 ex
405 4278 467 4341 hoc
489 4277 647 4341 adieetivo
670 4284 801 4354 „saeer“
825 4278 1039 4360 cognoscitur,
1063 4277 1151 4359 quali
1174 4278 1205 4340 in
1230 4275 1349 4340 affectu

114 4385 240 4447 Aeneas
263 4388 409 4447 versatus
432 4382 482 4444 sit.
525 4379 629 4444 Simili
652 4380 746 4444 modo
769 4387 842 4445 orta
867 4388 916 4445 est
939 4380 1138 4464 apostropha
1155 4380 1349 4463 Vergiliana,

117 4507 201 4569 quae
227 4486 347 4567 legitur
366 4485 432 4549 Ecl.
456 4484 501 4547 IX
525 4491 581 4548 51:
616 4489 722 4547 Omnia
744 4487 823 4560 serr,
846 4495 943 4560 aetas,
974 4490 1104 4548 entmnm
1128 4507 1245 4563 qnoque

121 4596 154 4654 et
178 4590 343 4668 Ovidiena,
367 4610 463 4672 quam
484 4589 607 4652 invenis
630 4587 705 4651 Met.
728 4588 805 4651 lllll
829 4593 906 4652 517:
942 4595 1006 4665 (Ino
1028 4609 1074 4651 rire
1095 4609 1212 4663 serens,
1235 4608 1353 4652 annom

1111 4692 1143 4743 2*
