3167 5250
757 455 951 516 ..g-

229 620 366 688 Tibur.
390 620 443 707 (cf.
467 621 658 707 Spengel.
681 621 763 688 rhet.
779 623 895 689 Graec.
918 623 978 689 vol.
995 623 1042 689 111
1066 646 1096 709 p.
1113 629 1150 690 iil
1165 626 1242 710 sq.):
1259 622 1472 715 ᾍιτοστροφὴ

229 726 265 794 δέ
288 726 388 806 ἐστιν,
411 722 492 794 όταν
513 721 579 794 ἀπὸ
599 732 668 794 τῶν
688 729 854 795 δικαστῶν
878 726 960 812 πρὸς
988 726 1047 796 τὸν
1076 723 1250 799 ἀντίδικον
1270 726 1471 819 ἀποστρέφῃ

229 826 290 896 τὸν
311 828 424 915 λόγον,
444 826 517 898 οἷον
538 830 663 916 ,μηδὲν
685 820 748 898 οὖν
764 834 955 915 φιλονείκει,
979 835 1157 918 Λειττίνηίί,
1177 834 1233 900 καί
1255 832 1366 913 πόλιν,
1387 832 1473 916 „viic

228 931 376 1012 ἅπαντας
389 929 411 1019 η
424 931 519 1012 πόλις
533 929 654 1019 ὁμοίως
668 942 727 1021 της
741 929 845 1020 αὐτῆς
860 929 1027 1015 ἀξιώσασα
1042 944 1137 1022 τιμης
1152 935 1281 1016 ἔθανεν
1292 940 1468 1025 Αἰσχίνηίῖ

229 1035 366 1123 κινήσας
394 1033 457 1123 γὰρ
485 1045 527 1125 τῇ
549 1036 629 1125 δόξη
656 1043 725 1106 τῶν
750 1037 1029 1125 παραδειγμάτων
1058 1036 1138 1118 τοὺς
1165 1035 1360 1121 ἀκούοντας,
1391 1040 1470 1109 τότε

231 1140 287 1208 καί
301 1136 363 1208 τὸν
376 1137 549 1208 ἀντίδικον
563 1140 708 1227 κέκληκε.
744 1139 870 1206 Similia
884 1140 1042 1207 habemus
1057 1142 1145 1227 apud
1161 1142 1297 1226 Aquil.
1313 1144 1471 1214 Roman.

230 1242 378 1327 (Halm,
400 1242 558 1309 Rhetorcs
580 1242 636 1309 lat.
658 1244 732 1309 min.
755 1266 786 1328 p.
810 1245 884 1329 25):
899 1241 1114 1331 Άιτοστροφη,
1133 1252 1265 1324 aversio,
1288 1254 1471 1314 necessaria

227 1352 408 1427 pierumque
425 1354 541 1428 figura,
571 1351 622 1413 uti
645 1369 724 1428 quae
746 1354 790 1413 οιί
808 1353 885 1414 alios
908 1353 992 1414 dicta
1017 1356 1161 1427 volumus,
1191 1357 1235 1416 ad
1255 1356 1333 1417 alios
1363 1357 1472 1417 dicere

229 1455 373 1517 videmur.
417 1454 470 1516 Sic
493 1457 677 1531 plerumque
704 1456 907 1517 convertimus
934 1457 1102 1517 orationem
1124 1459 1156 1517 in
1178 1475 1265 1518 rcum
1286 1459 1325 1520 ab
1354 1460 1471 1533 iudice,

231 1574 298 1619 cum
326 1558 381 1619 illa
408 1564 518 1631 tamen,
552 1558 660 1635 quibus
687 1561 901 1620 adversarium
934 1561 1127 1637 alloquimur,
1160 1562 1257 1623 indici
1284 1563 1469 1637 allegentur.

230 1662 442 1723 Acutissimum
463 1665 633 1737 exemptum
654 1663 687 1722 iu
709 1663 890 1738 Pisilr‘ppicis
912 1663 1131 1738 Demosthenis,
1160 1665 1212 1726 uti
1237 1667 1345 1742 quibus
1367 1667 1471 1729 verbis

227 1766 374 1841 populum
393 1766 619 1827 Atheniensium
654 1766 797 1827 monitum
827 1769 899 1841 vult,
933 1785 970 1828 ea
1000 1785 1034 1828 sc
1064 1769 1139 1829 vicit
1167 1770 1255 1844 apud
1284 1771 1413 1846 Argivos
1439 1778 1472 1830 et

230 1869 372 1929 Arcadas
400 1874 431 1928 et
459 1868 627 1931 Messenios
657 1870 862 1931 contionatum
874 1867 909 1949 1).
952 1872 1107 1932 Invidiose
1136 1878 1165 1933 et
1187 1873 1228 1933 M.
1255 1872 1370 1934 Tullius
1400 1890 1470 1934 cum

229 1988 324 2047 saepe
346 1971 433 2045 alias,
463 1978 523 2033 tum
540 1990 603 2049 pro
620 1973 730 2035 Roscio
753 1975 902 2034 convertit
922 1976 1089 2036 orationem
1111 1977 1155 2036 acl
1179 1975 1407 2053 Chrysogonum
1429 1979 1470 2038 ab

232 2076 283 2137 illo
306 2077 388 2137 ioco:
410 2083 502 2151 repat
522 2083 651 2154 oratque
672 2084 711 2150 te,
739 2077 944 2155 Cur-ysopum,
967 2085 997 2138 et
1019 2085 1132 2140 cetera.

320 2173 369 2239 Ex
383 2173 435 2240 his
450 2175 557 2242 verbis
572 2175 724 2242 discimus
738 2176 902 2242 fictionem
912 2177 963 2241 vel
977 2177 1139 2261 figurandi
1151 2178 1224 2255 vim,
1238 2184 1276 2245 ut
1291 2179 1470 2245 Straubii

233 2277 341 2344 verbis
363 2283 447 2359 uter,
469 2278 503 2343 in
526 2300 564 2344 en
586 2278 772 2358 consistere,
796 2279 881 2363 quod
905 2281 1019 2358 oratio,
1042 2302 1239 2365 quamquam
1262 2283 1364 2349 averti
1380 2282 1470 2349 vide-

233 2385 297 2461 tur,
328 2385 437 2446 tamen
465 2381 498 2447 in
529 2404 583 2448 eos
613 2381 802 2461 intenditur,
837 2405 973 2467 quarum
1000 2382 1225 2450 docendorum⁴
1247 2384 1298 2452 vel
1329 2408 1471 2469 commo-

233 2484 409 2550 vendomm
432 2505 531 2551 ceusu
551 2485 700 2552 habetur.
744 2482 899 2552 Similiter
922 2486 1102 2554 Martianus
1124 2488 1300 2572 (lapella
1320 2491 1471 2575 exempla

232 2609 296 2654 nan
319 2587 459 2655 addens:
488 2585 698 2678 ἀποστροφή,
719 2590 835 2675 inquit,
859 2601 904 2656 est
925 2597 956 2656 iu
979 2597 1111 2673 aliquem
1133 2598 1275 2660 districta
1297 2600 1467 2673 conversio,

227 2700 380 2774 frequens
403 2700 490 2774 apuli
507 2697 682 2760 Ciceronem
704 2716 743 2761 uc
764 2700 874 2761 nobilis
891 2703 1006 2775 fipurc.
1043 2701 1108 2761 Hoc
1124 2708 1180 2774 est,
1203 2719 1270 2762 cum
1289 2703 1469 2779 irationem

232 2802 278 2861 sic
309 2802 510 2862 convertimus
539 2804 697 2876 actionem,
733 2809 767 2864 ut
801 2820 841 2864 ex
877 2820 914 2864 ea
944 2805 1061 2865 iudices
1095 2806 1255 2866 doceamus
1294 2800 1347 2886 (cf.
1380 2802 1471 2886 apud

234 2899 441 2965 Halmium
462 2924 493 2985 p.
510 2903 596 2986 478).
640 2902 716 2968 Sine
736 2902 835 2969 dubio
858 2902 912 2967 hie
925 2903 1120 2970 asserendus
1135 2909 1185 2969 est
1199 2903 1470 2970 Phnebammo-

238 3004 303 3068 nis
324 3002 424 3084 locus,
448 3005 504 3088 qui
525 3005 687 3070 invenitur
702 3005 789 3089 apud
812 3006 992 3090 Spengel.
1015 3007 1062 3072 111
1083 3030 1114 3091 p.
1131 3013 1172 3074 49
1184 3029 1248 3092 sq.:
1269 3004 1471 3095 ἀποστροφὴ

234 3108 271 3176 δὲ
294 3107 477 3193 unvammai)
505 3106 575 3197 ἐστὶ
602 3107 779 3195 μετάβασις
801 3108 905 3196 λόγον
928 3112 1012 3195 πρὸς
1033 3109 1225 3195 κρόσωιτον,
1257 3103 1282 3201 ᾧ
1304 3110 1471 3196 πρότερον

234 3207 277 3279 οὐ
294 3212 533 3298 διαλεγόμεθα,Δ
554 3210 596 3292 ὡς
618 3216 674 3280 ἴνα
696 3211 911 3299 δικαζόμενος
932 3212 1091 3298 καὶπρὸς
1112 3212 1173 3282 τὸν
1193 3212 1339 3301 ἄρχοντα
1360 3215 1469 3301 λέγων

235 3312 274 3382 τὸ
296 3323 430 3402 πρᾶγμα
455 3322 593 3401 στραφῶ
614 3313 698 3401 πρὸς
720 3314 780 3384 τὸν
802 3313 974 3384 ἀντίδικον
995 3317 1051 3385 καί
1078 3317 1244 3403 ἐρωτήσω,
1273 3314 1336 3386 οὐκ
1357 3314 1471 3405 ἀληθῆ

235 3426 339 3485 ταῦτα
362 3416 383 3485 ἃ
405 3419 506 3506 λόγως
536 3418 705 3485 Dcialue
736 3420 937 3499 sententiam,
962 3421 1017 3504 qui
1038 3421 1171 3505 putati)
1194 3420 1470 3487 Phoebammo-

235 3541 319 3588 nem
352 3519 405 3586 hic
439 3522 994 3607 circumscripsisse‚apostrophce
1011 3524 1160 3608 speciem,
1193 3522 1234 3589 de
1265 3546 1331 3609 qua
1354 3529 1471 3609 postea

235 3624 451 3692 tractabimus
460 3625 497 3709 ³),
526 3625 655 3692 minime
681 3626 823 3711 probare
844 3648 984 3711 possum.
1029 3627 1141 3693 Altero
1162 3626 1243 3708 loco,
1272 3628 1328 3711 qui
1350 3627 1471 3712 legitur

237 3727 325 3812 apud
346 3729 537 3813 Spengel.
558 3730 605 3795 111
626 3752 657 3813 p.
674 3736 725 3809 54,
753 3729 1061 3796 Phoebammnn
1088 3730 1226 3816 figuram
1256 3730 1376 3796 eisdem
1398 3730 1470 3796 fere

237 3831 344 3897 verbis
365 3832 477 3897 definit
498 3832 620 3898 addens
649 3839 758 3899 cutem
788 3833 979 3918 exemplum,
1009 3833 1066 3900 ubi
1093 3835 1143 3908 ais,
1164 3834 1281 3913 verbis,
1311 3856 1395 3918 qaue
1427 3834 1469 3899 ed

236 3936 427 4019 magistrum
442 3935 635 4020 diriguntur,
659 3936 789 4021 oblique
805 3938 882 4017 ‘eius
904 3936 1053 4022 discipuli
1069 3939 1278 4022 castigentur.
1317 3937 1369 4003 Ad
1383 3938 1469 4003 idem

233 4044 367 4123 ¹spectet
388 4039 498 4105 Alex.
522 4061 660 4125 quoque,
683 4041 738 4125 qui
761 4040 864 4126 (apud
884 4039 1073 4125 Spengel.
1094 4041 1142 4107 ΙΙΙ
1163 4064 1194 4125 p.
1211 4047 1250 4107 23
1261 4043 1360 4126 sqq.):
1390 4038 1469 4110 ἀτο-

322 4230 350 4299 1)
367 4229 449 4285 Dem.
469 4229 513 4284 VI
530 4233 581 4285 20:
601 4232 668 4293 Πῶς
685 4226 737 4299 γάρ
756 4225 854 4293 οἴεσθ’,
874 4227 954 4299 ἔφην,
980 4220 1120 4299 ἀάνδρες
1138 4228 1303 4299 Μεσσήνιοι,
1332 4233 1470 4300 dungeonis

237 4309 351 4370 ἀκοόειν
366 4311 543 4384 ’olovitreum
562 4318 591 4372 εἴ
605 4319 648 4379 τίς
664 4337 691 4370 τι
709 4314 783 4385 λέγοι
799 4313 870 4370 uacci
884 4318 1023 4371 Φιλίππου
1041 4314 1100 4372 κατ’
1118 4314 1241 4379 lucivoce
1258 4314 1469 4400 eoiegprircvc,

238 4396 277 4455 ον’
294 4396 478 4470 Ἀνθεμοῦντα
495 4399 545 4471 μὲν
562 4399 660 4465 αὐτοῖς
678 4398 755 4473 ἠφίει

324 4490 351 4556 2)
370 4489 412 4544 cf.
429 4491 446 4543 l.
466 4508 487 4544 s.
506 4508 527 4544 s.
545 4492 626 4560 p‘tli.

324 4579 351 4645 3)
370 4575 411 4631 ef.
429 4595 456 4648 p.
477 4580 509 4630 10
516 4594 575 4646 sqq.
593 4575 674 4631 huius
692 4576 900 4632 dissertationis.
