3167 5250
760 491 976 553 ..38-

244 658 453 743 apostropha,
477 680 573 742 quam
589 660 725 743 legimns
748 660 866 744 Georg.
887 662 992 727 1215:
1016 671 1076 725 iam
1100 672 1129 725 te
1152 683 1280 741 qaoque,
1303 668 1482 739 medica,

238 773 350 843 patres
362 768 519 842 accipiam
529 769 625 829 salci?
647 763 780 829 Ovidius
791 765 940 829 similiter
950 766 1059 848 inepte
1073 766 1232 829 convertit
1243 766 1483 831 narrationem:

244 867 331 931 Fast.
352 866 367 932 I
392 870 454 932 390
482 865 524 931 ad
552 871 706 944 Haemum,
737 867 918 947 11392011
946 873 1065 932 Circam
1090 873 1266 945 Mammam,
1296 869 1343 932 III
1366 876 1408 935 90
1438 870 1483 933 ad

243 975 409 1034 Hernicum
437 979 563 1047 terram,
583 971 644 1035 -IV
665 977 727 1037 439
759 971 801 1036 ad
830 978 1078 1053 hyacinthorum
1107 984 1308 1049 amaraolam,
1343 977 1405 1038 462
1438 974 1483 1037 ad

245 1078 392 1150 Hennam,
427 1080 489 1140 499
518 1072 560 1138 ad
585 1078 768 1140 Zanclaeam
802 1079 994 1156 Charybdim,
1030 1081 1091 1141 502
1122 1075 1164 1139 ad
1195 1082 1322 1139 Atticum
1352 1088 1482 1152 terram,

245 1177 288 1243 VI
311 1182 372 1242 122
397 1176 438 1241 ad
461 1181 603 1258 Alaidam
626 1189 758 1256 terram;
800 1181 868 1243 Art.
892 1184 993 1242 amat..
1013 1179 1027 1242 I
1049 1184 1089 1245 28
1111 1178 1152 1243 ad
1177 1186 1313 1255 Aseram,
1346 1179 1483 1245 111170
1576 1210 1577 1267 3

245 1281 287 1346 ad
312 1288 423 1358 lanam,
452 1284 517 1372 354¹
536 1280 577 1346 ad
601 1292 765 1360 tesseram
795 1284 902 1346 Amor.
925 1281 956 1345 II
980 1288 1028 1360 16,
1052 1288 1092 1348 24
1116 1282 1157 1346 ad
1181 1304 1305 1346 astruam
1330 1287 1482 1361 Maleam,

245 1383 321 1450 Met.
351 1383 408 1449 XV
432 1388 495 1449 260
526 1383 568 1449 ad
597 1392 740 1463 raecaIa;
774 1384 905 1449 Heroid.
938 1385 966 1448 X
993 1390 1054 1451 100
1083 1385 1125 1450 ad
1160 1390 1322 1465 Cecropem
1345 1397 1482 1465 eerram3
1576 1430 1577 1461 ,

245 1488 340 1563 Trist.
363 1487 378 1552 1
402 1492 451 1566 10,
467 1492 507 1552 26
531 1487 572 1551 ad
591 1491 803 1568 Lampsacum,
829 1494 878 1567 10,
897 1493 935 1554 18
959 1488 1000 1552 ad
1023 1493 1167 1554 Imbriam
1190 1502 1315 1565 terram,
1343 1491 1389 1555 IIl
1415 1498 1482 1569 8,4
1576 1476 1577 1491 ’

245 1592 287 1657 ad
313 1596 504 1669 Curiatium
533 1592 581 1657 Ex
604 1591 694 1657 Pont.
724 1591 790 1671 13,
811 1598 852 1657 68
880 1591 921 1656 ad
944 1598 1072 1657 Atticam
1095 1605 1220 1671 terram,
1254 1594 1284 1658 II
1313 1600 1341 1673 2,
1368 1600 1409 1659 10
1439 1595 1483 1659 ad
1576 1628 1577 1671 1

244 1701 376 1761 Romam.
421 1695 549 1779 Ubique
577 1695 776 1779 apostropha
804 1701 853 1760 est
875 1701 1001 1760 tantum
1023 1696 1210 1776 remedium,
1242 1719 1306 1781 quo
1329 1705 1482 1763 servatae
1576 1680 1577 1745 l

245 1805 320 1865 sunt
339 1799 427 1883 leges
450 1799 578 1884 aliquae
600 1799 773 1864 metricae
1576 1794 1577 1797 ’

844 2059 880 2122 E.

331 2182 415 2264 §la
459 2181 557 2261 Eum,
587 2181 642 2264 qui
672 2181 779 2246 omnia
811 2181 958 2263 exempla
988 2185 1131 2245 tractata
1161 2182 1283 2245 maiore
1312 2181 1483 2265 diligentia

246 2307 389 2369 curaque
416 2285 547 2368 legerit,
577 2307 676 2349 unum
706 2306 769 2348 non
801 2284 968 2366 effugerit,
997 2284 1084 2366 quod
1113 2283 1209 2366 quale
1237 2285 1280 2348 sit
1309 2284 1483 2350 illustrabo

247 2390 372 2473 aliquot
402 2388 565 2472 exemplis.
621 2387 718 2452 Velut
750 2387 881 2452 Aeneid.
915 2387 945 2449 X
968 2393 1030 2453 429
1054 2410 1100 2470 sq.
1135 2387 1288 2470 legimus:
1326 2392 1484 2454 Sternitur

246 2499 401 2559 Arcadiae
418 2499 537 2572 proler,
556 2501 738 2557 sternamur
760 2495 901 2567 Etrusci,
925 2496 965 2555 Et
985 2513 1046 2565 oar,
1070 2514 1087 2555 o
1115 2495 1206 2556 Grais
1228 2498 1392 2571 imperdita
1415 2514 1483 2557 cor-

241 2618 325 2678 pora
356 2602 477 2666 Teucri.
530 2595 636 2680 Supra
665 2594 719 2679 (01.
740 2616 770 2678 p.
794 2597 847 2678 16)
878 2595 1036 2679 explicavi
1064 2594 1149 2660 hanc
1178 2595 1411 2680 apostropham
1441 2618 1483 2661 ex

248 2707 365 2786 poetae
380 2700 543 2781 dolore3
558 2700 643 2765 idern
658 2699 820 2764 iudicasse
833 2699 959 2764 ridetur
977 2698 1271 2783 Heitkampius
1286 2708 1445 2766 annotans
1457 2704 1484 2784 ¹)

247 2806 294 2870 illi
317 2805 424 2870 versui
443 2804 522 2869 hoc:
544 2804 610 2889 uos]
634 2802 694 2868 Die
710 2802 855 2868 Teukrer
877 2802 990 2868 stehen
1013 2803 1085 2867 dom
1103 2803 1229 2868 Herzen
1252 2803 1308 2868 des
1331 2804 1484 2870 Dichters

246 2909 349 2975 nahor
372 2908 420 2972 als
444 2907 515 2972 ihre
539 2906 835 2989 Bundesgenossen.

335 3030 394 3096 Cui
409 3028 617 3113 explicationi
640 3027 757 3093 addam
773 3028 851 3093 hoc:
875 3028 1031 3093 concedes
1055 3028 1183 3092 minime
1206 3050 1322 3093 sonare
1339 3031 1484 3095 suaviter

248 3141 281 3200 et
294 3133 439 3218 pulchre,
462 3133 489 3198 si
510 3131 568 3196 tali
582 3131 663 3210 loco,
684 3132 856 3197 ubimulta
877 3133 1007 3197 nomina
1022 3132 1156 3216 propria
1179 3140 1484 3212 commemorantur,

248 3237 361 3303 eadem
393 3237 498 3301 forma
531 3235 638 3301 lentae
671 3236 922 3300 enumerationis
953 3236 1169 3300 continuatur.
1229 3236 1313 3315 Quid
1347 3241 1483 3302 autem?
1573 3279 1574 3290 ,

247 3344 285 3407 In
308 3341 363 3407 illo
387 3340 534 3424 exemplo
563 3361 668 3405 nonne
689 3339 836 3404 variatur
857 3345 915 3405 aut
944 3346 1089 3404 mutatur
1109 3360 1215 3403 sermo
1238 3340 1358 3423 optime
1388 3341 1485 3406 simul

246 3467 307 3531 per
340 3444 508 3528 enallagen
541 3445 657 3508 casus?
712 3442 802 3508 Idem
834 3443 993 3508 habemus
1025 3443 1195 3526 permultis
1229 3442 1302 3507 aliis
1336 3443 1417 3509 locis
1451 3452 1485 3509 et

248 3549 440 3633 Vergilianis
464 3554 497 3613 et
512 3547 686 3626 Ovidianis,
709 3568 790 3631 quos
806 3568 916 3612 omnes
941 3568 1129 3612 enumerare
1154 3546 1285 3631 longum
1308 3568 1347 3611 ac
1372 3569 1485 3631 super·

247 3674 424 3717 vacaneum
444 3651 521 3716 mihi
544 3650 670 3715 videtur
692 3650 817 3735 (confer
840 3650 978 3735 exempli
1001 3671 1101 3716 eausa
1124 3650 1240 3733 Georg.
1256 3651 1286 3715 II
1304 3656 1382 3731 1703
1406 3650 1483 3717 Met.

247 3758 278 3821 X
294 3763 344 3836 69,
366 3755 428 3821 XII
444 3759 522 3836 3933
554 3758 621 3819 Art.
641 3761 736 3819 amat.
754 3756 896 3835 1114583
919 3752 1037 3838 quibus
1059 3754 1200 3819 addendi
1223 3760 1299 3819 sunt
1319 3753 1383 3818 loci
1403 3776 1485 3838 quos
1572 3785 1573 3804 ¹

247 3861 386 3925 tractavi
419 3864 514 3944 parte
547 3860 696 3942 proxima
727 3858 784 3943 (D)
812 3858 908 3922 huius
939 3857 1185 3938 dissertationis,
1223 3858 1312 3923 velut
1339 3861 1416 3923 Aen.
1436 3860 1485 3924 III

250 3970 312 4029 118
328 3985 374 4047 sq.
389 3962 431 4048 2),
461 3962 505 4028 VI
529 3967 590 4027 249
607 3982 697 4045 sqq.;
741 3961 816 4026 Met.
847 3962 892 4027 IV
923 3967 1085 4045 753sqq.,
1119 3961 1150 4025 X
1174 3967 1212 4025 41
1232 3963 1303 4045 sq).
1362 3962 1485 4041 Quodsi

249 4126 453 4134 ...ὑ-

384 4137 388 4144 ι

335 4208 362 4274 1)
380 4206 422 4261 Of.
439 4204 616 4259 Bibliotheca
627 4203 768 4258 Gothana:
787 4204 818 4257 P.
829 4203 937 4274 Vergili
950 4203 1074 4257 Maronis
1087 4204 1200 4266 Aeneis,
1213 4203 1285 4258 Text
1297 4202 1485 4258 aKommen·
1571 4151 1572 4178 l

249 4299 293 4348 tar
318 4310 373 4347 von
392 4292 424 4347 Ο.
443 4292 577 4345 Brosin
601 4291 658 4344 und
683 4291 715 4344 L.
733 4290 946 4360 Heitkamp,
970 4290 1010 4343 II.
1029 4290 1150 4345 Abteilz
1179 4289 1370 4358 Kommentar,
1391 4290 1487 4345 Gotha

250 4383 324 4434 1890.

335 4485 362 4550 2)
389 4482 493 4536 Gellius
519 4483 628 4535 videtur
654 4481 721 4534 mihi
748 4481 859 4549 quidem
886 4481 959 4533 hunc
984 4481 1077 4534 locum
1102 4482 1214 4534 omnino
1241 4500 1275 4536 ex
1298 4482 1350 4534 hac
1376 4483 1486 4535 ratione

249 4569 409 4623 variationis
427 4567 602 4622 intellexisse.
640 4567 669 4621 Is
687 4569 760 4621 enim
779 4566 862 4620 Noet.
880 4567 969 4621 Attio.
986 4566 1066 4620 XIII
1084 4569 1117 4620 27
1143 4572 1290 4636 postquam
1307 4569 1393 4622 verba
1418 4568 1488 4622 fecit
1570 4529 1571 4598 l
