3167 5250
740 435 955 496 ..36-

229 609 355 689 potest:
384 602 565 688 Daphnidis
596 603 702 687 gratia
730 605 838 669 omnia
868 608 943 669 sunt
968 602 1071 681 dicia,
1106 601 1146 667 de
1176 602 1272 667 huius
1302 609 1407 668 morte
1437 608 1474 668 et

231 708 487 786 consecratione,
517 712 554 772 ut
575 708 623 772 ita
645 707 766 786 dicam,
795 709 829 771 in
858 707 999 772 carmine
1027 707 1152 789 agitur,
1181 706 1266 770 unde
1289 726 1347 771 cur
1369 713 1473 791 poeta

230 810 382 894 Daphnin
411 810 534 874 maiore
556 814 722 894 tamquam
746 810 868 875 honore
890 809 1037 874 affecerit
1064 830 1159 894 quam
1183 808 1349 874 Phoebum
1372 809 1470 875 deum

121 944 124 950 ·
230 914 351 998 optime
373 913 589 997 intellegatur.
634 912 737 978 Aliter
758 934 812 978 res
834 935 869 978 se
890 913 990 978 babet
1013 913 1046 977 in
1069 909 1215 977 versibus
1235 913 1293 996 qui
1315 912 1474 996 leguntur

231 1020 307 1082 Aen.
327 1016 373 1081 Ill
396 1022 455 1082 lla
472 1037 556 1100 sqq:
589 1020 641 1080 Sic
662 1019 748 1092 fatus
769 1022 893 1082 meritos
915 1023 981 1081 aeis
1002 1005 1145 1082 praelevit
1165 1023 1307 1093 honores,
1335 1021 1473 1082 Taurum

229 1126 379 1200 Neptune,
395 1132 516 1185 laurum
536 1124 599 1196 libi,
609 1126 743 1200 pulcher
750 1126 866 1201 Apelle,
889 1126 1019 1201 Nipram·
1034 1124 1130 1184 Hiemi
1139 1127 1301 1200 paneaden,
1319 1124 1474 1201 Zephyris

229 1225 371 1299 felicibus
404 1227 512 1288 albem.
587 1223 682 1302 Cur,÷
700 1244 837 1307 quaese,
878 1223 1039 1308 Vergilius
1081 1222 1254 1308 compellet
1287 1222 1473 1307 Apollinem

230 1325 357 1390 solumi
401 1326 514 1413 Nonne
545 1332 639 1392 erant
664 1327 717 1392 bie
746 1327 869 1392 eodem.
889 1327 962 1392 iure
988 1328 1160 1393 invocandi
1191 1327 1308 1410 reliqui
1337 1326 1390 1390 (lei
1415 1328 1474 1410 qui

230 1430 459 1494 nominantur?
504 1430 627 1495 Eadem
650 1431 732 1495 mira
761 1451 814 1495 res
844 1431 1007 1496 iuvenitur
1035 1433 1112 1498 Aen,
1136 1431 1179 1495 VI
1202 1435 1263 1496 249
1281 1451 1369 1513 sqq:
1404 1437 1474 1509 ipse

230 1538 293 1597 alni
315 1538 435 1598 velleris
458 1555 570 1614 apnem
585 1541 705 1599 Aeneas
728 1540 820 1599 matri
835 1539 1034 1599 Eumenidum
1057 1555 1247 1614 mepnnepue
1269 1534 1373 1598 sorori
1388 1538 1474 1598 Ense

230 1638 306 1712 serit
328 1643 530 1717 ,sterilemque
561 1641 630 1714 libi,
645 1670 647 1677 ⁴
664 1642 864 1717 Proserpina,
899 1660 1032 1715 neceam,
1067 1644 1125 1703 aut
1154 1637 1220 1702 Ecl.
1248 1638 1292 1702 lIl
1315 1643 1374 1704 9οε
1413 1643 1475 1714 Qui

232 1744 357 1812 Bauium
381 1763 440 1805 non
464 1747 538 1818 edil,
560 1751 639 1805 amet
664 1752 716 1805 lue
738 1747 887 1818 carmine,
910 1746 1019 1808 Maeui.

315 1843 403 1908 Nihil
435 1848 493 1923 est,
528 1865 585 1908 cur
613 1849 711 1930 pocla
741 1844 967 1930 Proserpinam
1000 1844 1122 1910 maiore
1156 1844 1279 1909 bonore
1320 1843 1471 1910 affecerit

214 1968 329 2030 ,quam
345 1954 481 2012 matrem
498 1946 711 2019 Eumenidum
735 1954 769 2012 el
789 1969 939 2031 magnam
956 1969 1100 2014 sororem
1116 1953 1174 2013 aut
1188 1947 1349 2013 Maeuium
1367 1949 1472 2031 magis

231 2050 364 2116 laeserit
387 2071 483 2133 quam
508 2049 652 2121 Bavium.

257 2213 260 2218 ,
321 2153 453 2218 Ovidius
476 2154 624 2239 exempla
646 2154 774 2220 illorum
798 2155 915 2220 similia
930 2155 1075 2240 praebet,
1113 2155 1198 2238 Lege
1214 2175 1335 2238 quaese
1357 2177 1472 2220 versus

233 2258 385 2339 quisunt
408 2257 484 2321 Met.
507 2256 536 2320 x
559 2265 701 2341 41·sqq.:
736 2257 784 2322 De
807 2257 953 2336 Tantalo,
975 2259 1095 2337 Ixione,
1119 2257 1285 2324 Belidibus
1306 2264 1472 2337 narratur,

194 2360 197 2368 '
232 2360 340 2425 subite
355 2360 526 2425 invocatur
540 2381 599 2444 per
614 2360 782 2443 enallagen
800 2382 957 2444 personae
973 2362 1137 2446 Sisyphus.
1176 2361 1251 2426 Met.
1264 2361 1308 2426 IV
1325 2366 1387 2427 753
1400 2383 1470 2445 sqq.

229 2463 383 2545 legimus:
414 2467 469 2526 Ilia
500 2467 598 2528 tribus
627 2469 679 2527 ille
707 2465 796 2541 finces,
823 2470 944 2530 lotidem
973 2472 1011 2530 ele
1039 2472 1175 2545 caespite
1199 2471 1299 2545 ponit,
1337 2468 1471 2530 Laevum

231 2571 398 2644 Mercurio,
422 2573 564 2631 deutrum
587 2571 650 2645 libi,
674 2572 782 2634 bellica
804 2574 908 2647 eirpe;
930 2576 995 2635 Ara
1012 2574 1097 2634 -Ioeir
1118 2574 1219 2635 mealia
1242 2579 1295 2635 est.
1317 2579 1471 2634 mactetur

230 2692 325 2735 necea
346 2674 522 2748 Mineruae,
552 2677 674 2751 alipedi
692 2678 819 2749 uituluS,
850 2683 959 2737 laurus
982 2678 1051 2750 tibi,
1080 2695 1192 2737 mmme
1223 2680 1357 2739 deorum
1409 2672 1472 2737 Per

231 2775 462 2858 apostropham
485 2796 597 2839 versus
618 2777 822 2860 libeptime
845 2775 1045 2860 significatur
1068 2778 1246 2842 auctoritas
1266 2777 1373 2841 summi
1398 2783 1471 2841 dee-

230 2901 314 2956 rum‚·
344 2878 422 2960 quid
441 2884 554 2943 autem
578 2878 647 2943 uult
669 2881 795 2944 aversio
818 2882 851 2944 in
874 2884 1011 2945 hellinum
1031 2886 1179 2960 eirpinem
1209 2881 1299 2945 faeta
1319 2880 1352 2944 in
1376 2901 1472 2944 versu

232 2982 316 3045 754?
353 2983 421 3045 nrt.
438 2988 535 3046 amat.
550 2982 596 3047 III
623 2988 685 3048 334
701 2983 833 3047 Ovidius
849 2989 963 3067 poetas
978 2983 1094 3067 puellis
1109 2984 1262 3068 legendos
1277 3005 1471 3049 enumerans

231 3084 310 3148 dicit
333 3085 456 3149 subito:
486 3090 612 3162 Tibulle,
637 3098 735 3165 tuum,·
758 3086 919 3151 Tibullum
943 3088 1044 3170 igitur
1066 3087 1251 3170 alloquitur,
1272 3108 1470 3171 quamquam

230 3188 270 3252 de
296 3189 442 3252 omnibus
466 3190 580 3272 poetis,
610 3189 650 3253 de
673 3189 879 3269 Callimacho,
907 3190 1093 3270 Menandro,
1125 3191 1266 3275 Sappho,
1289 3191 1471 3275 Propertio,

231 3289 337 3368 Gallo,
358 3297 396 3356 ut-
411 3291 450 3355 da
466 3292 572 3357 tertiis
594 3294 740 3376 personis
756 3295 884 3358 locutus
900 3298 957 3374 est,
981 3301 1014 3359 et
1029 3315 1224 3378 quamquam
1243 3294 1324 3359 illud
1343 3299 1470 3371 Tibulle,

230 3404 312 3459 tuum
336 3416 408 3459 oum
431 3395 573 3460 secunda
594 3417 735 3480 persona
764 3398 910 3483 subiecti!
918 3405 1023 3478 persia
1055 3397 1183 3462 minime
1207 3398 1364 3483 cengruit.
1411 3398 1471 3461 llis

229 3497 309 3562 locis
331 3498 562 3583 apostropham
591 3500 679 3563 nullo
702 3500 799 3565 modo
821 3501 1014 3584 profiuxisse
1037 3522 1077 3565 ex
1098 3501 1218 3566 affectu
1248 3502 1320 3566 luce
1349 3500 1470 3566 clarius

230 3605 289 3664 est.
334 3601 434 3665 lmmo
464 3600 526 3665 hac
558 3602 776 3686 apostrophae
807 3609 881 3668 sunt
910 3603 1079 3688 ponendae
1110 3605 1178 3668 sine
1208 3604 1306 3669 dubio
1334 3603 1368 3668 in
1390 3604 1469 3668 arti·

229 3702 377 3767 liciorum
399 3724 543 3783 numero,
566 3706 684 3788 quibus
703 3711 820 3791 poetae
842 3706 986 3790 linguam
1009 3707 1157 3772 Latinam
1180 3714 1284 3772 metro
1305 3707 1467 3792 dactylico

233 3807 391 3889 aptabant
414 3807 508 3890 (locis
530 3829 629 3892 supra
651 3809 746 3874 dictis
770 3811 910 3874 evitatae
933 3817 1008 3875 sunt
1030 3810 1153 3875 formae
1176 3811 1218 3876 ab
1242 3811 1306 3875 illis
1323 3810 1470 3875 versibus

231 3910 361 3974 omnino
394 3910 622 3975 abhorrentes:
659 3918 806 3991 Apollini,
845 3919 1066 3994 Proserpinae,
1102 3919 1276 3994 Daphnidi,
1309 3901 1480 3994 Sisyphus,

231 4017 358 4080 bellicae
379 4019 501 4093 eirpini,
529 4020 657 4093 Tibulli;
677 4022 850 4099 praeterea
872 4018 1001 4101 ubique,
1025 4025 1062 4082 ut
1083 4019 1270 4083 omittamus
1288 4016 1355 4081 Ecl.
1375 4018 1469 4096 Vua,

231 4115 327 4180 simul
350 4115 554 4182 efficiebatur
576 4118 723 4204 dactylus
744 4121 776 4184 in
802 4121 914 4204 quinto
933 4121 1039 4205 pede).

317 4212 491 4303 Exemplis.
513 4221 608 4287 buius
638 4224 764 4305 generis
788 4224 896 4289 allatis
918 4231 994 4289 sunl
1023 4225 1193 4290 adicienda
1221 4223 1374 4289 nonnulla
1396 4224 1471 4289 Ovi·

231 4323 345 4403 diana3
377 4329 474 4406 atque
497 4326 635 4409 primum
665 4327 793 4409 quidem
817 4329 1047 4409 extanltalia‚
1078 4330 1135 4393 ubi
1163 4330 1286 4393 formae
1314 4329 1470 4392 creticum

233 4427 432 4492 continentes
461 4430 723 4514 circumscriptae
753 4441 844 4513 snut;
873 4454 957 4515 quae
985 4433 1207 4497 inueniuntur:
1238 4432 1313 4496 Met.
1336 4432 1366 4496 ΙΙ
1391 4436 1470 4512 738;

229 4529 275 4602 IV
296 4535 376 4614 4583
403 4531 448 4599 Vl
472 4538 549 4617 1123
581 4534 629 4600 lx
654 4539 730 4618 1853
763 4535 838 4602 lllll
859 4542 938 4619 8063
977 4536 1059 4602 Fast.
1083 4537 1209 4619 111953
1238 4537 1281 4603 IV
1309 4542 1392 4637 1753(
1420 4535 1472 4603 Ex
