3167 5250
622 454 837 514 ..47-

109 618 255 684 iucunda
270 620 485 685 enarrationis
508 621 615 686 lentae
630 622 775 686 variatio.
814 621 845 686 ΙΙ
867 627 917 699 ht,
941 629 1016 704 9sq.
1034 642 1118 700 vero,
1142 621 1196 685 ubi
1212 622 1348 705 legitur:

112 729 202 800 (tane
225 735 284 787 tum
308 744 364 803 epo
386 729 536 802 Neptuno,
568 746 648 803 pune
669 736 728 789 tam
750 746 817 788 euin
844 728 970 789 Currere
991 726 1098 800 fratri,
1130 731 1273 804 Quaeque
1296 731 1350 790 titi

109 832 233 905 excepi,
255 832 315 891 ium
338 833 406 901 deo,
430 832 608 902 Leucothoe,
634 833 666 892 et
687 828 733 893 ΙΙΙ
751 834 782 908 l,
798 832 834 893 3]
848 850 905 911 sq,
928 827 984 893 ubi
1005 829 1206 892 enumeratio
1227 849 1347 907 eorum,

109 951 249 1013 quorum
265 935 364 993 maius
379 934 416 994 ub
433 936 691 1009 exequiienomeo
714 937 745 994 iu
769 953 827 995 ora
849 936 930 995 veuit
952 934 993 1013 (v.
1017 933 1080 1012 24),
1103 932 1349 1015 interrumpitur

108 1055 173 1118 per
194 1033 410 1097 aversionem:
434 1039 556 1112 Enipeo
571 1055 710 1099 rerumne
724 1037 811 1110 sores
831 1056 922 1111 nnnc,
945 1039 1035 1112 Ilion,
1059 1045 1088 1097 et
1110 1047 1151 1111 tu,
1179 1039 1280 1111 Troia,
1304 1040 1349 1101 bis

116 1141 234 1214 Oetaei,
257 1142 382 1201 numina
404 1147 496 1215 copto
518 1144 578 1214 dei,
611 1137 749 1221 denique
771 1139 818 1203 111
843 1145 890 1216 lt,
915 1143 965 1217 21,
987 1159 1051 1222 quo
1073 1139 1106 1201 in
1129 1160 1233 1217 versu,
1261 1145 1350 1223 post·

111 1262 212 1323 quam
251 1240 290 1305 de
325 1239 495 1323 Pasiphae,
526 1242 620 1326 Tyro,
653 1241 795 1326 Myrrha,
827 1240 951 1320 Medea,
981 1241 1216 1325 Clytaemestra
1243 1251 1280 1306 ut
1309 1242 1349 1307 de

111 1345 221 1409 tertiis
254 1345 401 1428 personis
432 1351 530 1428 poeta
563 1344 692 1410 locutus
722 1352 780 1423 est,
815 1344 923 1411 subito
953 1345 986 1409 in
1015 1344 1121 1409 medio
1154 1347 1351 1411 narrationis

111 1454 228 1512 tenore
250 1446 286 1511 fit
311 1449 436 1512 aversio
458 1448 492 1512 in
514 1447 663 1533 Scyllam,
690 1446 841 1513 videntur
871 1448 949 1513 mihi
972 1448 1102 1529 quidem
1131 1449 1350 1533 apostrophos

110 1557 240 1617 tantum
256 1552 444 1616 variationis
460 1553 566 1635 gratia
582 1554 650 1617 sine
666 1552 731 1618 ullo
747 1551 867 1617 affectu
883 1558 975 1617 ortae
991 1573 1070 1616 esse.
1095 1591 1136 1600 -
1160 1551 1204 1616 Ut
1226 1553 1348 1618 nullum

114 1656 222 1721 locum
238 1656 433 1734 omittamus,
456 1677 520 1738 quo
536 1657 724 1740 Propertius
739 1657 876 1739 liguram
893 1656 1050 1735 adhibuit,
1066 1663 1178 1735 restat,
1202 1669 1238 1720 ut
1252 1657 1352 1723 verba

115 1760 275 1824 faciamus
305 1759 345 1823 de
376 1759 532 1837 versibus,
562 1760 618 1842 qui
647 1765 760 1824 extant
780 1760 824 1824 IV
855 1767 900 1839 ll,
927 1764 1039 1843 37sq.:
1078 1764 1183 1824 Testor
1204 1766 1351 1825 iuniorum

114 1870 237 1928 cineres
260 1867 322 1938 tibi,
344 1867 449 1939 Romo,
473 1868 625 1939 colendos,
648 1867 709 1928 Sub
734 1885 861 1942 puerum
883 1869 988 1940 citatio,
1011 1866 1131 1939 Africa,
1156 1876 1244 1929 tensa
1258 1869 1351 1929 incer.

113 1968 250 2032 Aversio
271 1968 303 2030 in
327 1967 463 2030 Romam
495 1967 584 2031 lacta
614 1966 755 2050 perbene
787 1966 965 2050 explicabis
993 1988 1033 2032 ex
1059 1968 1352 2046 veneratione,

116 2092 215 2152 quam
243 2069 392 2135 Cornelia
418 2071 452 2133 in
480 2070 618 2154 patriam
651 2068 767 2149 babet,
803 2069 881 2152 quid
914 2090 988 2134 vero
1017 2070 1086 2135 vult
1114 2069 1219 2153 figura
1248 2070 1352 2136 altero

114 2174 212 2237 loco‘?
249 2173 282 2237 Si
306 2175 378 2256 quis
404 2173 492 2238 dicat
507 2173 686 2238 Corneliam
710 2172 864 2256 superbia
879 2180 1082 2254 commotam,
1105 2174 1191 2257 quod
1213 2176 1353 2239 maiores

114 2277 260 2342 Africam
293 2278 545 2360 superavissent,
581 2278 813 2360 interposuisse
848 2278 951 2341 versui
989 2277 1170 2342 irrisionem
1203 2279 1236 2342 in
1269 2279 1354 2343 banc

115 2387 249 2459 terram,
271 2380 353 2444 haec
374 2381 535 2445 sententia
556 2379 636 2445 mihi
660 2380 794 2464 probari
817 2401 879 2445 non
899 2381 1012 2465 possit.
1056 2381 1214 2464 Equidem
1239 2403 1353 2447 censeo

114 2486 202 2549 bano
232 2483 462 2567 apostropham
495 2483 643 2547 effectam
671 2505 741 2548 esse
762 2505 802 2548 ex
826 2484 1121 2549 accommodatione
1144 2483 1294 2568 quadam,
1318 2492 1354 2550 ut

115 2590 150 2655 in
173 2586 227 2652 illo
250 2587 406 2666 Ovidiano
430 2588 577 2671 exemplo
600 2587 739 2652 diximus
763 2588 816 2672 (cf.
832 2610 862 2672 p.
880 2591 952 2674 40);
976 2587 1133 2668 Cornelia,
1157 2611 1240 2673 quae
1257 2589 1352 2655 modo

115 2715 159 2757 ex
175 2692 293 2756 affectu
309 2712 487 2756 sermonem
503 2693 600 2757 vertit
616 2691 656 2756 ad
673 2692 818 2769 Romam,
839 2699 1027 2776 perseverat
1049 2695 1081 2756 iu
1098 2693 1210 2758 eadem
1226 2695 1353 2758 ratione

114 2796 254 2873 dicendi,
278 2813 361 2878 quae
384 2795 460 2859 buin
481 2797 589 2861 versui
613 2796 729 2860 idonea
752 2817 817 2860 uon
840 2802 898 2860 est.
1159 2877 1161 2881 Α

206 2898 456 2983 Propertius
486 2899 716 2983 apostropham
750 2899 900 2963 adhibuit
929 2898 997 2963 iere
1025 2900 1058 2964 in
1087 2900 1354 2985 quinquagesimo

116 3022 248 3086 quoque
282 3023 386 3081 versu,
420 3025 514 3085 quem
547 3010 673 3068 tantum
707 3025 875 3077 numerum
904 3003 1009 3067 adhuc
1043 3005 1221 3069 invenimus
1250 3006 1353 3069 solum

115 3110 152 3171 in
189 3106 296 3169 Fastis
327 3105 512 3188 Ovidianis3
556 3128 617 3172 non
648 3106 782 3171 multum
810 3106 902 3215 perlit
939 3108 971 3169 in
1009 3107 1070 3170 hac
1107 3128 1142 3170 re
1174 3108 1354 3191 Proper·

116 3211 180 3274 tio
209 3208 423 3274 'l'ibullus
454 3210 615 3294 praebens
647 3209 784 3292 figuram
821 3211 950 3275 circiter
987 3211 1189 3292 sexagesimo
1226 3232 1355 3295 quoque

116 3335 224 3378 versu.
277 3312 355 3377 Cum
390 3334 466 3377 vero
499 3314 673 3397 pleraeque
711 3313 983 3397 apostropharum
1017 3336 1056 3377 ex
1094 3300 1223 3378 borum¹
1242 3322 1354 3398 poeta·

119 3439 191 3481 rum
227 3415 345 3481 affeetu
380 3416 488 3500 aliquo
521 3417 676 3501 explicari
708 3418 885 3500 potuerint,
922 3417 1131 3481 confirmatur
1162 3417 1225 3508 ‘boc
1259 3419 1354 3483 modo
1382 3430 1385 3438 “

119 3522 250 3605 optime,
282 3520 367 3603 quod
391 3522 451 3585 viri
475 3521 561 3586 docti
583 3522 616 3585 in
638 3520 740 3599 libris,
768 3522 823 3604 qni
847 3527 921 3585 sunt
944 3521 982 3584 do
1008 3520 1145 3585 historia
1172 3522 1354 3586 litterarum

119 3626 352 3702 Romanorum,
389 3625 618 3690 iudicaverint:
655 3607 727 3688 illos
760 3631 875 3707 poetas
906 3624 1072 3707 praeditos
1109 3624 1208 3688 fuisse
1240 3626 1356 3690 animis

119 3728 252 3792 fervidis
275 3735 307 3791 et
326 3729 468 3793 incitatis
491 3736 523 3793 et
544 3729 710 3813 scripsisse
734 3748 858 3792 summo
875 3750 946 3791 cum
968 3728 1093 3792 ardore.
1132 3728 1261 3792 Falsum
1278 3750 1355 3793 sane

119 3837 170 3895 est
182 3831 289 3895 dicere
304 3832 336 3894 in
350 3832 501 3895 Horati
512 3853 543 3909 0,
560 3834 637 3915 quia
651 3832 813 3896 invenitur
828 3831 929 3895 multo
945 3832 1074 3915 parcior
1089 3832 1121 3894 in
1138 3833 1355 3916 apostrophae

119 3957 190 4013 usu,
216 3934 313 3998 luisse
329 3936 468 3999 animum
494 3936 598 3999 minus
614 3936 755 3999 alacrem
770 3940 803 3998 et
822 3942 974 3999 erectum.
1012 3934 1085 3999 Noli
1101 3937 1184 3998 enim
1201 3935 1355 4015 oblivisci,

121 4038 207 4121 quod
233 4038 361 4122 saepius
390 4038 452 4102 hao
474 4039 508 4101 in
531 4038 757 4103 dissertatione
781 4039 885 4116 attuli,
914 4040 946 4102 in
968 4039 1167 4122 apostropha
1190 4040 1357 4123 permagni

121 4142 286 4219 interesse,
320 4141 431 4224 qualia
460 4143 524 4206 sint
558 4142 717 4223 carmina3
751 4162 861 4206 omnes
891 4163 967 4206 vero
998 4143 1175 4206 concedent
1204 4150 1357 4226 poemata

121 4246 273 4309 Horati
307 4246 497 4328 plerumque
529 4246 689 4310 aversioni
721 4245 817 4310 simili
851 4246 946 4310 modo
981 4247 1093 4328 iniqua
1124 4246 1224 4311 fuisse
1257 4254 1356 4331 atque

121 4347 244 4412 Ovidi
266 4348 434 4427 Heroides,
466 4350 631 4433 Epistulas
662 4370 701 4412 ex
725 4349 838 4429 Ponto,
866 4349 1082 4414 Medicamina
1110 4350 1171 4414 fao.
1201 4351 1273 4415 fem.
1304 4352 1355 4415 vel

122 4453 266 4517 carmina
284 4451 457 4531 Catulli,
481 4453 668 4533 Lucreti,
693 4453 837 4518 Lucili.
854 4491 898 4501 -
913 4454 1059 4536 Denique
1075 4454 1136 4517 hac
1148 4454 1355 4539 paragrapho

122 4558 330 4640 cognovimus
345 4556 550 4642 Propertium
569 4578 633 4622 nou
648 4557 785 4622 veritum
802 4578 872 4623 esse
887 4558 1035 4623 similiter
1050 4565 1148 4640 atque
1164 4557 1355 4624 Ovidium
1379 4546 1381 4550 ¹
