3167 5250
643 448 856 510 ..13-

127 616 326 706 μετοίστασιν
359 615 410 682 vel
441 615 634 704 μετάβασιν,
667 637 783 701 nempe
818 637 903 695 eam,
935 637 1019 700 quae
1046 616 1095 695 fit,
1127 630 1198 681 cum
1234 616 1362 701 culpam

128 721 265 787 alicuius
286 720 334 784 rei
357 740 377 784 a
399 719 492 785 nobis
513 720 546 783 in
575 719 673 785 alium
705 719 953 804 conferimus1);
986 720 1097 803 itaque
1128 719 1363 785 nominabimus

128 845 193 889 una
221 844 294 887 cum
325 821 595 902 Quintiliano
624 822 709 887 hano
737 842 867 906 quoque
898 822 1108 900 aversionem,
1142 843 1237 906 quam
1268 822 1364 888 modo

128 927 343 1011 cognovimus,
379 946 503 991 summo
536 925 606 990 iure
640 925 881 1010 apostropham.
937 924 1029 1005 Quod
1066 931 1154 991 recte
1186 925 1258 991 fieri
1289 947 1363 991 con·

127 1030 276 1095 firmatur
305 1049 355 1108 eo,
389 1029 475 1113 quod
505 1034 775 1094 commentatores
805 1029 930 1113 antiqui
962 1028 1122 1113 exempla,
1154 1050 1239 1113 quae
1267 1029 1364 1095 huius

128 1133 254 1217 generis
269 1138 354 1213 sunt,
370 1131 483 1198 eodem
499 1133 626 1197 nomine
641 1129 870 1217 ‘apostropha’
889 1132 1072 1217 significant
1094 1132 1147 1217 (cf.
1164 1132 1364 1198 Dindoriii

128 1236 251 1302 scholia
267 1235 394 1301 Graeca
408 1236 442 1300 iu
458 1235 591 1300 Homeri
606 1235 750 1314 Iliadem,
765 1236 854 1301 Tom.
870 1235 917 1301 111
935 1235 976 1301 ad
992 1245 1025 1303 Δ
1042 1240 1119 1315 127;
1138 1241 1215 1318 146;
1238 1241 1277 1304 Η
1290 1241 1365 1317 104;

119 1337 572 1420 ⁴fom.lvad11693;7et;
598 1344 672 1420 Ῡ2;
695 1337 1003 1422 Thilo-Hagen:
1027 1338 1365 1404 Serviicommentar.:

130 1443 172 1508 ad
196 1440 327 1507 Aeneid.
356 1441 387 1507 11
416 1446 473 1523 563
504 1441 532 1507 V
561 1446 638 1523 1233
670 1441 712 1506 ad
742 1441 900 1525 Georgi
932 1443 1016 1527 215).
1068 1442 1240 1507 Servius
1275 1443 1367 1507 addit

129 1547 275 1630 saepius:
297 1550 375 1610 hoec
397 1555 443 1609 est
464 1550 652 1625 apostropha
674 1551 723 1610 vel
742 1544 982 1633 προσφώνησις
1003 1544 1057 1630 (cf.
1074 1544 1116 1610 ad
1137 1549 1214 1611 Aen.
1229 1546 1273 1611 IV
1289 1552 1366 1626 4083

130 1650 254 1732 X1393
277 1653 356 1729 3023
381 1654 459 1730 7913
482 1649 527 1714 XI
544 1652 592 1732 7),
616 1670 689 1714 oum
712 1669 788 1715 vero
813 1648 931 1733 reliqui
953 1648 1102 1714 rhetores
1125 1649 1368 1737 προσφωνησιν

129 1753 225 1819 aliter
248 1751 454 1836 explicentl),
476 1751 538 1817 hoc
560 1771 690 1836 quoque
708 1771 825 1817 nomeu
848 1751 1045 1818 reiciendum
1065 1758 1123 1818 est.

215 1873 304 1938 Inter
326 1872 528 1937 definitiones
551 1872 647 1938 modo
678 1872 797 1939 allatas
819 1874 935 1938 summi
957 1873 1112 1939 momenti
1141 1871 1219 1938 mihi
1240 1873 1369 1941 videtur

131 1998 201 2042 esse
232 1974 473 2055 Rufiniani,
500 1976 561 2065 ¹qni
594 1976 733 2061 figuram
765 1977 843 2042 oriri
873 1982 994 2042 ratione
1028 1983 1133 2057 aliquo
1165 1983 1213 2043 vel
1241 1979 1368 2054 adfecta

38 2089 41 2095 ’
130 2079 230 2145 addit
275 2079 377 2159 Quem
408 2080 435 2144 si
471 2079 644 2163 sequimur,
683 2078 884 2164 apostropha
914 2101 978 2144 non
1011 2084 1061 2145 est
1094 2081 1244 2165 ponenda
1282 2082 1369 2147 inter

132 2183 254 2268 figuras
277 2184 515 2267 grammaticas,
538 2183 595 2250 sed
610 2184 695 2249 inter
715 2183 796 2248 illud
815 2189 920 2249 aerim
941 2204 1049 2265 ςιαιιι,
1073 2189 1156 2265 quod
1177 2206 1238 2250 κοα
1253 2194 1368 2250 tantum

131 2293 163 2350 ia
193 2291 317 2352 ναιίοοα
342 2291 476 2366 positum
511 2296 557 2351 est
589 2276 732 2367 loquendi
762 2292 821 2352 sed
853 2292 929 2366 ipsis
961 2292 1100 2352 senatus
1137 2309 1204 2353 cam
1233 2294 1368 2369 pretium

134 2401 194 2456 tum
231 2395 321 2456 eiiam
362 2395 444 2454 vires
485 2390 742 2476 accommodati),
786 2390 874 2474 quod
918 2390 1119 2474 significatur
1162 2391 1369 2460 rhetoricum.

24 2548 26 2551 ,
132 2493 222 2559 Haec
245 2494 474 2573 controversia,
498 2514 581 2579 quae
605 2499 655 2558 est
682 2494 768 2558 inter
790 2494 1101 2573 Quintilianum
1124 2500 1156 2560 et
1176 2495 1369 2561 Rufinia-

135 2598 310 2682 nnm‘que
333 2596 429 2664 modo
456 2603 565 2682 potest
587 2596 782 2663 diiudicari?
805 2636 848 2647 -
871 2598 1045 2665 Videamus
1067 2599 1205 2684 primum
1229 2598 1368 2684 quidem,

133 2701 211 2785 quid
240 2700 296 2766 alii
325 2701 387 2766 viri
409 2700 497 2766 docti
526 2700 566 2766 de
599 2701 661 2767 hac
686 2722 722 2767 re
747 2701 970 2768 iudicaverint
1021 2703 1059 2768 ln
1089 2702 1219 2767 scholiis
1250 2702 1370 2769 codicis
1398 2692 1400 2694 ¹

136 2806 252 2871 Veneti
267 2806 321 2889 (B)
337 2806 370 2869 in
385 2804 519 2870 Iliadem
536 2804 666 2889 scriptis
688 2804 824 2889 legimus
845 2805 887 2870 ad
903 2826 1030 2871 versum
1047 2814 1084 2874 Π
1096 2811 1157 2872 787
1174 2806 1370 2890 additum4lt

135 2909 320 2994 Πάτροκλε]
351 2906 372 2994 ἡ
397 2905 596 2995 ἀποστροφὴ
625 2913 777 2997 σημαίνει
808 2909 869 2978 τὸν
900 2908 1163 2996 συναχθόμενον.
1214 2911 1266 2978 σοί
1296 2910 1370 2997 γοίρ,

133 3017 248 3099 φησίν,
273 3002 495 3096 ellesponto,
517 3021 564 3103 τῷ
581 3010 687 3093 οὕτως
704 3009 756 3080 ὑπ’
777 3010 940 3099 Ἀχιλλέως
956 3009 1164 3106 ἀγαπωμένῳ
1179 3023 1227 3104 τῷ
1243 3012 1282 3083 τὸ
1303 3024 1371 3083 πᾶν
1406 3099 1409 3104 ἢ

133 3118 180 3195 είς
202 3120 370 3202 σωτηρίαν
392 3124 461 3183 τῶν
476 3114 644 3202 Ἑλλήνων
670 3117 995 3208 πραγματευσαμένῳ
1019 3126 1065 3207 τῷ
1086 3119 1255 3203 Νέστορος
1278 3124 1370 3205 φιλο-

134 3217 246 3299 πόνως
280 3215 504 3309 ἀνασχομένῳ,
542 3228 588 3310 τῷ
621 3219 848 3306 φιλοστόργως
878 3216 1087 3306 Εὐρύπυλον,
1115 3222 1292 3313 ίασαμένῳ,
1324 3230 1371 3311 τῷ

134 3320 218 3407 ὑπὲρ
234 3320 401 3409 Ἑλλήνων
430 3323 642 3407 δακρύσαντι,
670 3331 718 3412 τῷ
745 3321 806 3391 τὸν
829 3329 978 3411 σκληρῶς
1009 3328 1217 3411 διακείμενον
1232 3321 1372 3411 Ἀχιλλέα

134 3429 296 3506 πείσαντι,
322 3434 370 3514 τῷ
393 3424 476 3494 κατὰ
497 3435 554 3512 τῆς
576 3435 721 3494 σεαυτοῦ
741 3435 849 3513 ψυχῆς
872 3425 933 3515 τὴν
964 3428 1080 3509 ἔξοδον
1108 3428 1372 3514 κατορθώσαντι,
1432 3492 1438 3503 ,

134 3532 213 3615 βίον
235 3519 326 3608 τέλος
353 3526 462 3616 ὤφθη.
508 3538 613 3598 ταῦτα
641 3530 749 3597 πάντα
779 3531 907 3598 ἔνεστιν
935 3531 1207 3618 ἐπαναφέροντας
1233 3533 1287 3599 tut
1309 3532 1373 3619 τὴν

137 3628 357 3719 ἀποστροφὴν
387 3631 425 3700 τὸ
457 3631 494 3700 ἐν
524 3632 609 3723 αὐτῇ
642 3635 823 3718 περιπαθὲς
855 3644 999 3703 σκοπεῖν.
1055 3634 1241 3701 Commotus
1272 3637 1372 3719 igitur

136 3740 223 3799 sorte
250 3734 413 3800 Partrocli
443 3736 571 3801 videtur
602 3742 700 3820 poeta
731 3737 883 3802 incidisse
911 3739 945 3802 in
974 3759 1155 3804 maerorem
1185 3739 1371 3823 luctumque

135 3841 233 3920 atque
262 3839 457 3922 interposuit
487 3840 635 3906 versibus
664 3841 723 3906 hos
754 3838 891 3907 affectus
914 3862 961 3920 ee,
993 3842 1078 3926 quod
1108 3844 1308 3908 aversionem
1339 3844 1372 3907 iu

135 3940 221 4005 hunc
235 3942 339 4006 virum
362 3940 459 4023 fecit;
482 3943 538 4022 sic,
558 3943 589 4007 h.
607 3965 633 4008 e.
657 3966 697 4009 ex
720 3943 849 4023 affectu,
872 3946 1014 4029 explicat
1035 3951 1270 4012 commentator
1291 3945 1373 4030 figu-

136 4065 206 4109 ram
241 4050 275 4109 et
308 4045 441 4129 reliquis
474 4045 566 4127 locis,
602 4048 719 4130 quibus
752 4047 807 4113 illc
844 4049 944 4115 verba
980 4049 1059 4114 lacit
1096 4049 1136 4115 dc
1173 4049 1373 4135 apostropha

224 4304 249 4370 1)
269 4301 383 4360 Dahae
401 4305 512 4360 ravido
530 4323 600 4376 quae
618 4307 689 4361 dixit
706 4306 831 4363 Mense
850 4309 868 4362 1.
888 4326 909 4364 ε.
928 4327 949 4363 s.
966 4327 993 4379 p.
1006 4310 1048 4362 22.

118 4459 121 4465 ι
221 4389 248 4456 2)
268 4387 308 4443 Of.
329 4389 539 4447 Volkmann.
557 4391 574 4446 l.
593 4410 613 4447 ε.
635 4411 655 4450 a.
675 4411 703 4463 p.
715 4396 774 4448 346.

220 4475 248 4542 3)
267 4474 308 4530 (li.
328 4474 441 4545 Quintil.
458 4476 503 4531 IX
520 4481 545 4546 3,
563 4481 604 4533 28.

221 4562 249 4630 4)
268 4561 308 4617 cf.
329 4561 492 4620 Dindorf.
510 4564 588 4620 Tem.
607 4563 658 4622 IV.
