3167 5250
655 484 869 545 -11-

216 658 342 718 Acutius
362 658 465 719 adhuc
484 659 516 717 iu
539 659 707 745 Polydoro:

305 780 368 847 Fas
390 797 476 839 onruc
498 779 660 854 abrumpit,
684 780 869 855 Polydorum
892 779 1054 840 obtruncat
1075 786 1105 839 et
1127 795 1204 838 ouro

312 882 345 941 Vr·
361 883 491 957 potitur.
540 885 620 955 Quia
641 900 700 943 nou
722 884 865 943 mortalia
882 889 1014 959 pectora
1036 884 1120 959 copis

307 987 384 1046 Auri
404 1004 498 1046 socru
518 985 639 1057 fomes?

216 1107 354 1193 Hocqqui
377 1114 436 1167 tum
452 1125 556 1183 puroa
577 1113 724 1168 momento
747 1107 916 1168 nominihus
945 1109 1159 1168 discreverunt
1188 1102 1366 1188 peculiorum

130 1217 248 1283 uocant,
272 1228 361 1285 quum
384 1216 414 1270 et
431 1212 522 1271 alitor
540 1212 612 1284 lteri
628 1217 759 1286 putant:
783 1212 859 1286 quid
880 1213 1007 1286 loquor?
1037 1217 1091 1270 out
1111 1210 1163 1270 uti
1185 1212 1271 1269 sum?
1296 1226 1365 1269 con·

130 1315 233 1374 iunxit
254 1321 353 1374 autom
375 1310 576 1393 παρὲνθεσιν
598 1319 628 1374 et
649 1306 869 1396 ἀποστροφὴν
898 1313 1048 1387 Vorpilo‘us
1069 1315 1120 1374 illo
1143 1316 1225 1373 loco:

306 1435 400 1496 Haud
418 1437 532 1509 procul
552 1435 624 1495 inde
647 1437 726 1495 citae
749 1435 872 1495 Mettum
896 1436 928 1493 io
952 1435 1074 1495 divorsa
1097 1434 1269 1509 quoldrr'pac

307 1539 507 1611 Distulerunt,
531 1536 577 1618 (ot
599 1545 630 1598 tu
654 1539 753 1611 dictis,
778 1538 902 1611 Albane,
925 1535 1096 1616 monerent)

307 1642 522 1717 Raptatutque
544 1643 603 1702 utri
624 1644 780 1703 mendacis
803 1643 923 1703 uiscera
949 1642 1061 1702 Tullus.

218 1792 380 1857 Similia
403 1798 477 1856 sunt
498 1791 579 1856 haec
602 1791 749 1876 exempla
772 1794 840 1858 sine
857 1792 955 1858 dubio
977 1794 1260 1877 apostropharum,
1284 1812 1365 1874 quas

131 1897 240 1981 priore
259 1896 466 1979 paragrapho
483 1897 698 1978 cognovimus,
722 1902 754 1960 et
775 1895 903 1961 illarum
931 1896 1070 1980 quidem,
1092 1895 1148 1960 ubi
1172 1916 1243 1959 cum
1259 1894 1364 1977 figura

132 2001 337 2079 coniunctum
369 2004 448 2078 erat,
478 2000 564 2082 quod
594 2020 751 2083 personae
775 2000 825 2064 vel
847 2022 899 2065 res
922 1999 1218 2083 compellebantur3
1248 1999 1367 2062 etenim

131 2104 186 2167 hic
219 2124 347 2186 quoque
378 2104 569 2167 invocantur
600 2103 710 2185 aliqua
735 2124 876 2187 persona
902 2104 952 2167 vel
982 2125 1034 2167 res
1064 2125 1122 2186 per
1156 2103 1367 2167 aversionem.

133 2207 262 2285 Tamen,
290 2207 344 2289 qui
375 2206 456 2270 haec
479 2212 512 2271 et
530 2207 587 2271 ilia
610 2206 758 2296 exempla
781 2208 903 2271 maiore
926 2207 1094 2289 diligentia
1117 2227 1257 2287 curaque
1282 2227 1367 2269 com-

133 2310 308 2394 paraverit,
346 2317 518 2392 cognoscet
550 2331 699 2392 magnum
734 2310 906 2374 discrimen
936 2310 1021 2374 inter
1055 2331 1095 2374 ea
1126 2316 1246 2374 extare.
1298 2309 1369 2373 Illic

135 2413 220 2477 enim
245 2412 447 2476 efficiebatur
469 2412 519 2476 vel
542 2413 669 2495 quidem
699 2414 915 2478 simulabatur
936 2435 995 2497 per
1016 2413 1246 2497 apostropham
1271 2412 1369 2476 collo-

135 2517 255 2599 quium,
281 2516 333 2580 die
355 2516 450 2580 Form
475 2515 711 2581 dramatischer
732 2516 981 2601 Unterhaltung,
1009 2524 1046 2582 ut
1068 2516 1316 2581 Nitzschius
1335 2515 1368 2579 in

134 2620 413 2698 commentatione,
444 2641 527 2702 quae
559 2627 624 2686 est:
654 2621 714 2686 Die
737 2623 941 2706 Apostrophe
972 2623 1005 2685 iu
1032 2619 1108 2686 Ilias
1133 2619 1199 2685 und
1223 2619 1365 2704 Odyssea

135 2724 187 2808 (cf.
210 2724 366 2806 Philolog.
389 2724 465 2789 XVI
486 2747 516 2807 p.
536 2727 610 2808 151)
641 2725 739 2807 dixit3
776 2725 851 2789 illae
884 2724 1101 2810 apostrophae
1133 2723 1367 2807 spectabantur

132 2829 166 2891 iu
197 2828 365 2892 sententiis
394 2830 470 2912 (vox
494 2829 671 2893 sentcntiae
694 2829 747 2893 hic
768 2829 854 2893 idem
877 2828 1038 2912 significat
1065 2828 1152 2911 quod
1174 2827 1366 2892 Germanice

135 2930 235 2995 verbo
258 2931 372 3008 „Satz“
396 2933 576 3015 exprimere
592 2932 754 3014 solemus),
776 2931 861 2996 unde
885 2933 1062 2997 rectissime
1085 2953 1105 2995 a
1125 2931 1310 2996 rhetoribus
1334 2931 1368 2994 in

133 3055 266 3099 numero
288 3035 464 3116 figurarum
482 3057 562 3117 quas
586 3056 737 3099 vocamus
760 3036 994 3100 sententiarum
1016 3035 1229 3120 ponebantur.
1264 3033 1367 3098 Aliter

133 3160 186 3203 res
217 3160 250 3203 se
281 3137 381 3203 habet
409 3140 442 3202 in
470 3139 689 3223 apostrophis,
718 3161 799 3223 quas
827 3140 889 3204 hac
917 3140 1124 3223 paragrapho
1153 3139 1367 3221 cognovimua

134 3242 302 3306 Sententia
324 3262 383 3325 per
403 3241 540 3325 figuram
563 3243 616 3307 hic
638 3264 702 3307 non
724 3249 879 3316 mutatur,
911 3243 1105 3326 colloquium
1133 3263 1196 3305 non
1219 3241 1368 3320 efficitur,

134 3344 192 3410 sed
214 3346 360 3409 narratio
384 3346 609 3427 continuatur3
636 3347 717 3410 haec
741 3347 907 3411 aversio
931 3347 985 3412 lit
1008 3348 1050 3410 iu
1072 3346 1206 3410 medio
1229 3367 1368 3410 narra-

134 3449 266 3513 tionis
292 3454 437 3513 tenore
465 3470 539 3539 per
569 3449 792 3533 enallagen
823 3471 943 3515 casus
976 3451 1041 3515 vel
1070 3447 1280 3534 personae
1313 3449 1369 3512 in·

134 3558 446 3634 exspectatam,
480 3574 563 3636 quae
593 3554 694 3618 habet
725 3555 833 3633 etiam,
870 3560 907 3618 ut
936 3554 1125 3633 Quintiliani
1156 3552 1263 3617 verbis
1294 3558 1369 3617 utar

137 3655 198 3740 (IX
222 3661 250 3734 3,
267 3656 331 3738 27),
354 3661 580 3721 similitudinem
602 3662 675 3732 uitii,
700 3657 776 3740 quia
800 3663 966 3740 tamquam
989 3663 1145 3740 peccatur
1167 3657 1199 3720 iu
1223 3656 1369 3720 ordinem

135 3764 260 3823 rectum
292 3764 390 3840 atque
412 3759 596 3823 institutum
617 3760 797 3825 verborum.
842 3760 913 3825 Hae
937 3759 1156 3845 apostrophae
1179 3765 1369 3844 spectantur

132 3863 233 3944 igitur
248 3863 280 3925 in
296 3862 431 3944 siugulis
447 3862 563 3942 verbis,
587 3885 651 3945 qua
674 3863 713 3928 de
737 3885 837 3929 causa
858 3865 943 3929 iuter
963 3863 1085 3946 figuras
1108 3885 1191 3946 quae
1213 3870 1369 3928 vocantur

135 3964 306 4030 verborum
337 3964 506 4048 ponendae
537 3966 609 4030 sint.
660 3968 759 4050 Atqui
787 3988 881 4031 nemo
911 3968 1014 4032 nescit
1045 3968 1166 4050 figuras
1196 3965 1368 4031 verborum

137 4089 208 4133 esse
242 4068 379 4133 duorum
412 4089 575 4151 generum,
612 4069 766 4134 rhetorici
797 4076 830 4133 et
864 4071 1075 4153 grammatici.
1127 4071 1258 4154 Species
1291 4091 1369 4153 apo·

135 4172 288 4255 strophae
304 4179 422 4251 autem,
445 4194 542 4255 quam
558 4173 653 4237 modo
677 4179 865 4254 tractamus
891 4173 1065 4238 secundum
1090 4174 1368 4253 Quintilianum

135 4281 185 4340 est
214 4276 299 4340 inter
328 4276 450 4360 figuras
480 4278 717 4360 grammaticas,
752 4298 836 4361 quae
866 4299 985 4343 aerosum
1015 4301 1075 4342 nou
1107 4288 1233 4354 mutuat,
1265 4299 1368 4342 oerum

135 4390 250 4446 tontum
272 4383 401 4455 formum
424 4386 593 4461 eloquendi.

220 4484 354 4548 Praeter
388 4484 618 4563 Quintilianum
655 4484 708 4547 alii
742 4506 870 4568 quoque
908 4485 1054 4549 rhetores
1086 4467 1126 4549 cie
1157 4485 1220 4549 hac
1252 4486 1368 4569 specio,

135 4608 231 4668 quam
255 4588 350 4652 modo
372 4589 587 4671 cognovimus,
610 4587 709 4653 verba
731 4587 894 4669 fecerunt3
925 4590 972 4653 sic
994 4588 1367 4656 enimflerodianus
