3167 5250
743 474 956 537 ..28-

233 650 309 711 tora
331 644 471 711 inissent
495 644 527 709 in
558 649 807 730 pentametram,
837 642 900 709 nisi
928 641 985 708 Illa
1015 642 1162 726 enallage
1192 638 1340 707 adhibita
1367 648 1473 723 esset3

235 750 290 833 qni
318 746 380 815 loci
411 753 503 814 sunt:
534 748 620 815 Fasl.
645 749 687 813 tl
709 754 773 815 490
806 752 910 828 Tuque
939 753 1026 815 curtis
1050 752 1169 826 petrin,
1197 768 1298 826 perne
1320 751 1473 823 Learche,

234 870 344 934 meuu‚·
372 854 478 918 Amor.
501 852 547 917 111
571 859 600 931 9,
624 859 664 917 66
688 856 811 916 Auxisti
833 873 984 928 numeros,
1007 858 1088 915 culte
1112 855 1291 927 Tibulle,
1316 861 1402 926 tuos;
1423 851 1475 917 ΙΙΙ

234 963 263 1033 9,
279 962 316 1022 61
329 978 375 1040 sq.
390 957 415 1041 ¹)
442 960 551 1020 Obuius
574 961 646 1020 liuic
668 961 773 1020 verrius
788 962 906 1020 laedere
921 960 1077 1019 iuuentutis
1092 961 1211 1019 cinctus
1238 959 1386 1034 Tempora
1403 974 1474 1018 cum

239 1064 339 1137 Caluo,
363 1067 450 1125 docte
477 1063 652 1136 Catulle,
676 1071 735 1124 tue.

319 1183 336 1264 ᾗ
362 1186 409 1245 11.
454 1180 531 1245 Cum
554 1181 588 1244 in
610 1185 848 1264 pentametrum
871 1180 995 1244 formae
1018 1180 1137 1262 speciei
1154 1180 1316 1256 metricae,
1339 1181 1380 1242 de
1405 1200 1474 1261 qua

237 1283 333 1348 modo
347 1283 497 1362 diximus,
520 1286 649 1349 omnino
671 1304 734 1347 non
749 1284 849 1347 inseri
870 1284 1044 1366 potuerint,
1067 1283 1257 1347 hexametro
1274 1282 1357 1346 tales
1372 1303 1471 1347 voces

235 1392 332 1471 aptae
356 1387 487 1452 fuerunt
509 1393 636 1452 tantum
658 1387 718 1451 sub
742 1385 897 1469 gravibus
919 1386 1171 1464 condicionibus,
1203 1386 1233 1450 b.
1257 1408 1284 1451 e.
1307 1407 1371 1450 non
1393 1387 1474 1469 poni

234 1495 411 1573 potuerunt
442 1492 504 1555 nisi
536 1492 568 1555 in
604 1497 738 1575 quarto
763 1496 821 1554 ant
854 1496 946 1554 sexto
977 1490 1069 1573 pede.
1125 1491 1228 1569 Quam
1264 1508 1331 1554 rom
1365 1491 1474 1573 poetis

235 1593 493 1661 molestissimam
523 1594 623 1660 fuisse
653 1615 746 1658 nemo
775 1594 916 1676 negabit.
969 1594 1066 1659 Cuius
1096 1594 1224 1677 generis
1253 1599 1304 1658 ost
1340 1599 1417 1658 Aen,
1441 1594 1474 1657 X

236 1704 299 1764 390
313 1719 401 1782 sqq.:
438 1703 493 1763 Vos
524 1704 624 1775 etium,
653 1703 776 1779 nemini,
807 1702 928 1762 Rutulis
959 1702 1113 1762 cecidistis
1142 1705 1174 1761 in
1204 1703 1300 1776 apris,
1339 1701 1473 1773 Tauria,

233 1805 350 1867 Laride
375 1807 592 1883 Thymberque,
614 1807 766 1866 simillime
789 1808 907 1880 proles,
937 1807 1113 1866 Incliscrete
1138 1823 1164 1866 e.
1177 1823 1206 1884 q.
1218 1824 1242 1868 s.
1286 1802 1349 1866 Pro
1380 1807 1473 1865 certo

235 1904 303 1969 iere
326 1910 467 1971 statuam
492 1905 578 1969 bane
604 1904 835 1989 apostropham
865 1927 885 1970 a
917 1904 1216 1969 misericordia
1245 1910 1362 1989 poetae
1393 1926 1473 1988 pro-

235 2007 353 2072 foetam
375 2029 459 2090 esse;
488 2031 583 2092 quem
612 2010 696 2074 enim
720 2028 782 2073 non
806 2010 916 2093 capiat
937 2030 1080 2074 summus
1103 2008 1195 2073 dolor
1217 2016 1316 2091 alque
1339 2030 1472 2072 maeror

235 2112 430 2194 cogitantem
459 2112 499 2177 tle
527 2113 661 2177 horrido
693 2113 827 2177 interitu
856 2112 1008 2197 Thymbri
1043 2119 1075 2176 et
1102 2112 1229 2176 Laridis
1261 2113 1474 2194 geminorum,

237 2232 374 2297 quornm
396 2215 493 2280 alteri
516 2221 614 2301 caput
637 2238 712 2282 ense
735 2215 879 2280 Euandri
899 2215 1056 2294 aufertur,
1079 2216 1174 2280 alteri
1197 2215 1333 2281 dextera
1356 2234 1492 2279 mannsv

236 2317 405 2385 deciditur.
436 2320 470 2384 Si
486 2325 594 2384 autem
612 2325 772 2384 servasset
787 2325 885 2403 poeta
902 2319 1098 2383 narrationis
1114 2319 1259 2383 ordinem
1275 2319 1473 2397 instItutum‚

235 2422 340 2486 forma
363 2429 542 2488 ceciderunt
568 2424 601 2487 in
635 2428 752 2507 quarto
784 2422 835 2487 vel
861 2428 953 2487 sexto
979 2423 1061 2506 pede
1084 2434 1195 2488 versus
1217 2421 1368 2506 ponenda
1390 2430 1473 2486 erat.

237 2525 286 2589 Ex
307 2508 358 2590 his
381 2527 539 2612 angustiis
562 2526 748 2592 solvebatur
769 2525 927 2610 Vergilius
952 2526 1118 2591 commode
1140 2527 1199 2610 pe'r
1213 2525 1382 2608 enallagen
1397 2548 1474 2610 perf

236 2650 344 2694 sonae·
397 2630 549 2696 Eiusdem
577 2633 703 2716 generis
732 2623 829 2717 plura
854 2632 1002 2716 exempla
1033 2631 1169 2714 praebet
1199 2631 1340 2696 Ovidius.
1386 2631 1474 2713 Lege

237 2753 358 2816 quaeso
380 2755 491 2800 versus
513 2736 569 2819 qui
591 2741 666 2801 sunt
688 2735 764 2826 Met.
786 2736 863 2800 XIII
886 2740 1044 2819 tillsqq.:

390 2843 456 2915 Est,
478 2844 530 2903 ubi
551 2844 648 2906 Troia
670 2841 740 2916 fuit,
764 2844 921 2920 Pbrypiue
943 2845 1103 2903 contrarie
1125 2845 1213 2903 tellus

391 2946 535 3007 Bistoniis
556 2948 695 3008 habitatu
717 2949 801 3008 uiris.
839 2948 1053 3023 Polymestoris
1075 2948 1138 3007 iilic

344 3125 348 3144 ἡ
391 3050 491 3125 Bepiu
515 3052 598 3112 diues
620 3058 698 3123 erut,
722 3052 772 3110 cui
795 3057 823 3109 te
844 3052 989 3110 commisit
1010 3051 1153 3109 utendum

399 3153 490 3226 Cium,
514 3156 675 3231 Polydore,
692 3161 789 3229 puter
810 3154 1016 3230 Plirypiisque
1037 3155 1163 3213 remouit
1186 3153 1224 3212 ab
1247 3155 1358 3212 ermis:

345 3329 347 3337 ⁴
396 3257 558 3320 Consilium
579 3259 716 3333 sapiens,
738 3259 866 3317 sceleris
889 3258 950 3315 nisi
968 3258 1110 3331 praemio
1132 3248 1262 3331 muqr'tos

391 3363 560 3423 Adiecisset
581 3379 663 3436 uper,
687 3362 780 3421 enimi
803 3362 963 3420 irritamen
987 3361 1083 3420 uuari.

398 3464 434 3525 Ut
455 3466 565 3526 cecidit
585 3462 714 3536 fortuna
737 3466 902 3540 Pbrpuum,
927 3464 1010 3538 cupit
1030 3464 1140 3537 impius
1162 3479 1262 3522 ensem

346 3577 349 3590 ¹
391 3569 461 3629 lien
486 3568 647 3641 Tbrueum,
670 3569 836 3644 indutoque
857 3569 906 3627 sui
927 3569 1030 3642 desipit
1052 3569 1184 3627 alurnm':
1234 3585 1235 3590 ¹

277 3739 280 3744 ‚
345 3651 348 3666 ⁴
392 3672 433 3732 Et
454 3679 598 3748 tunquam
620 3673 683 3733 tolli
704 3689 771 3732 cum
794 3688 925 3746 corpore
947 3671 1077 3730 crimina
1094 3679 1231 3745 possent,

392 3775 572 3835 Exanimem
595 3777 756 3849 esceputo
778 3774 931 3833 subiectus
953 3774 1034 3832 urisit
1058 3774 1090 3831 iu
1111 3775 1221 3833 unitus.

325 3892 452 3996 Sortem
475 3890 626 3976 Polydori
649 3890 851 3975 aptissimam
874 3910 953 3969 esse,
977 3895 1014 3952 ut
1029 3888 1146 3972 aliquis
1162 3891 1311 3973 rapiatur
1325 3890 1357 3952 in
1375 3870 1475 3953 affec·

240 4000 292 4060 lus
316 3995 484 4078 quosdam,
514 3995 652 4080 suprai)
675 3995 741 4059 iam
764 3992 1110 4076 vidimus-Vergiliano
1133 3992 1214 4073 loco,
1244 3995 1299 4076 qui
1322 4001 1370 4058 est
1395 3996 1474 4057 Aen.

238 4098 282 4162 IV
296 4103 367 4178 119,
389 4098 446 4164 ubi
461 4104 568 4165 motus
584 4100 711 4163 Aeneae
727 4097 826 4161 animi
841 4097 1042 4179 significatur
1056 4118 1115 4180 por
1130 4096 1361 4181 apostropham
1383 4097 1416 4160 in
1433 4107 1474 4173 te,

237 4207 310 4266 uuri
331 4223 424 4290 sucre
446 4204 554 4278 sumes,
592 4202 738 4267 Ovidium
754 4201 855 4283 igitur
869 4199 1016 4264 hocloco
1031 4201 1063 4263 io
1079 4200 1226 4265 versibus
1241 4200 1356 4283 431t32
1380 4221 1474 4263 suam

239 4305 577 4371 misericordiam
597 4306 829 4389 interposuisse
855 4302 1025 4368 verisimile
1049 4310 1113 4384 est3
1145 4304 1240 4369 simul
1265 4310 1374 4368 autem
1397 4324 1475 4367 con·

326 4515 352 4581 l)
371 4511 415 4567 De
432 4513 486 4567 hoc
504 4512 567 4567 loco
585 4513 649 4566 vide
668 4529 777 4591 qaoque
796 4513 822 4580 p'.
835 4514 876 4564 30.

228 4592 232 4599 ⁵
325 4600 353 4669 9)
371 4599 413 4654 (li.
430 4618 458 4670 p,
476 4601 517 4652 19,
