3167 5250
640 422 855 545 -J-ra-

129 632 267 692 versum,
284 633 378 697 quem
393 611 489 681 modo
503 618 694 695 tractamus,
709 615 924 702 percensebis,
940 617 1097 684 concedes
1112 639 1172 704 per
1183 621 1363 687 vocativum

128 719 271 796 Icaro,
293 716 324 782 h.
343 739 369 782 e.
393 739 454 802 per
475 720 707 804 apostropham
728 720 909 785 adhibitam
931 722 1026 787 simul
1046 744 1176 808 quoque
1198 725 1364 790 commode

127 827 337 905 procreatum
360 844 430 888 esse
452 822 542 888 illum
567 844 689 891 merum
706 822 869 908 dactylum
892 825 925 890 in
945 828 1057 909 quinto
1079 828 1162 912 pede
1184 829 1366 895 hexametri

128 927 355 992 necessarium.
401 927 516 1011 ltaque
538 927 579 992 de
605 927 668 993 hcc
695 949 791 993 versu
821 929 868 993 sic
895 929 1019 996 iudico:
1049 931 1118 996 siue
1146 931 1246 997 dubio
1274 933 1364 999 locus

127 1036 179 1095 cst
196 1030 267 1095 eius
296 1030 391 1109 modi,
425 1037 462 1096 ut
485 1029 810 1115 Vergiliusincidere
839 1033 983 1116 potuerit
1012 1034 1046 1099 iu
1075 1034 1238 1114 affectum,
1272 1037 1363 1102 cuius

88 1144 93 1151 “
126 1133 330 1215 significandi
361 1134 467 1212 gratia
498 1139 646 1199 uteretur
676 1135 892 1220 apostropha3
929 1142 1058 1202 constat
1085 1160 1161 1204 verc
1192 1160 1252 1223 per
1279 1140 1363 1204 hanc

123 1238 267 1320 figuram
285 1237 380 1303 simul
401 1236 611 1303 difficultates
637 1237 795 1323 quasdam
818 1240 970 1306 metricas
992 1241 1130 1307 evitatas
1153 1250 1211 1307 aut
1233 1242 1359 1308 levatas

125 1362 208 1421 esse,
231 1340 319 1425 quod
339 1341 460 1417 temere
482 1362 522 1406 ac
541 1362 620 1407 casu
642 1341 799 1411 accidisse
821 1364 884 1407 nco
905 1344 1062 1410 existimo.

215 1444 285 1509 Hoc
306 1446 414 1529 capite
435 1445 535 1526 igitur
550 1445 699 1528 colligam
721 1445 808 1511 illius
827 1446 945 1513 similia
959 1448 1116 1532 exempla,
1138 1450 1195 1514 ubi
1208 1451 1241 1515 in
1257 1449 1362 1532 figura

124 1548 319 1633 explicanda
340 1548 564 1633 respiciendae
586 1557 661 1615 sunt
691 1557 730 1614 et
756 1550 942 1616 interior
971 1553 1144 1617 ratioet
1174 1555 1362 1620 metrica.

124 1656 234 1736 Atque
255 1652 394 1737 primum
417 1652 547 1735 quidem
571 1651 722 1747 tractabo
745 1653 785 1718 de
807 1653 896 1733 locis,
917 1654 1035 1738 quibus
1057 1665 1116 1739 per
1130 1657 1363 1740 apostropham

124 1756 334 1823 evitabantur
357 1757 481 1821 tarinae
501 1755 696 1840 praebentes
720 1757 860 1840 speciem
884 1758 995 1823 cretici
1006 1759 1041 1840 ¹).

213 1860 386 1925 Ordiamur
407 1860 449 1924 ab
473 1862 549 1925 Aen.
572 1860 642 1925 XII.
666 1864 800 1944 sassa:
827 1882 884 1926 nec
906 1872 960 1926 tua
982 1872 1021 1940 te,
1048 1868 1174 1928 Graium
1196 1866 1362 1940 fortissime

129 1968 272 2040 Cretheu,
295 1962 425 2044 Eripuit
445 1968 547 2028 Turno
570 2013 577 2027 .
600 2018 607 2030 .
631 2014 638 2028 .
663 2013 670 2029 .
698 1969 731 2027 et
753 1970 868 2047 postea
890 1970 1048 2050 542sqq.:
1082 1966 1264 2047 Te'qucque
1281 1972 1362 2033 Lau-

124 2078 230 2133 rentes
259 2073 411 2144 uiderunt,
435 2074 535 2144 necle,
565 2074 665 2147 campi
693 2073 844 2147 Oppetere
874 2081 903 2132 et
929 2075 990 2133 late
1019 2081 1134 2134 terram
1164 2081 1363 2136 consternere

124 2184 221 2252 terpc.
271 2177 402 2249 Occidis,
425 2177 559 2252 Aruinae
587 2193 673 2251 quem
702 2193 762 2236 non
791 2183 923 2250 potuere
940 2178 1116 2253 paulumper
1144 2185 1284 2238 sternere
1306 2195 1363 2240 nec

124 2281 243 2340 Priami
271 2297 438 2356 repnorurn
470 2296 597 2339 aversor
626 2280 775 2351 Achillem
813 2279 871 2339 Hic
899 2279 953 2339 tibi
988 2281 1093 2340 martir
1127 2288 1218 2341 erant
1247 2289 1362 2343 metae:

125 2388 230 2446 domur
253 2385 317 2444 alta
338 2383 392 2443 rub
416 2383 485 2455 Ida,
511 2382 647 2459 Lyrnesi
665 2385 769 2443 domuc
793 2384 867 2455 alta,
895 2385 959 2443 colo
981 2383 1137 2444 Laurente
1156 2387 1360 2460 sepulchrum.

211 2483 344 2548 Poetam
365 2482 417 2547 his
432 2482 512 2547 locis
526 2503 586 2566 per
600 2480 832 2566 apostropham
848 2504 940 2546 suum
957 2503 1134 2549 maerorem
1156 2484 1361 2568 interponere

93 2634 96 2638 >
125 2588 265 2654 voluisse
279 2608 339 2673 pro
356 2591 445 2652 certo
460 2585 643 2653 habendum
662 2584 741 2651 mihi
755 2585 901 2668 videtum
920 2592 1029 2653 tamen
1050 2608 1113 2652 nou
1128 2586 1360 2672 neglegendum

119 2700 176 2768 vest
203 2692 325 2757 formas
357 2693 556 2767 fortissimum
587 2696 620 2754 et
639 2696 779 2766 ,electura
818 2711 900 2773 quas
934 2698 1024 2756 recto
1059 2693 1216 2756 sermonis
1249 2692 1361 2758 ordine

125 2802 360 2881 exspectamus,
392 2794 435 2859 ab
458 2795 579 2859 eisdem
608 2792 754 2859 versibus
783 2794 901 2878 respui.
946 2794 1102 2862 Similiter
1129 2816 1181 2860 res
1203 2808 1240 2860 se'
1260 2795 1361 2860 habet

124 2902 158 2966 in
185 2921 289 2978 versu,
317 2900 372 2982 qui
402 2904 452 2963 est
471 2898 539 2963 Ecl.
554 2898 599 2963 VI
614 2902 665 2976 47,
694 2896 750 2963 ubi
774 2895 911 2962 affectus
938 2904 1055 2981 poetae
1082 2920 1141 2982 per
1165 2898 1359 2969 adiectivum

123 3006 238 3080 infelice
259 3002 327 3069 iere
348 3002 564 3067 demonstrari
585 3001 722 3078 ridetur,
745 3009 803 3066 aut
826 3004 903 3066 Aen.
925 3001 973 3066 111
997 3007 1125 3085 uterq,
1154 3002 1210 3067 ubi
1234 3005 1360 3068 Aeneas

124 3106 299 3191 compellat
320 3106 578 3172 Anchiseaitar
595 3110 646 3170 tic
672 3126 719 3170 mc
738 3116 831 3186 pater
854 3111 973 3184 aptitus,
998 3112 1117 3185 ferrura
1140 3110 1276 3183 Deseris,
1299 3112 1359 3171 beu

124 3216 218 3276 tantis
233 3216 415 3290 nequiquam
439 3220 544 3289 erepte
564 3206 701 3289 periclis.
731 3209 802 3288 Quo
826 3208 920 3273 modo
937 3213 1055 3286 autern,
1081 3230 1211 3292 quaeso,
1233 3210 1358 3280 inseras

124 3314 188 3380 illis
210 3314 357 3378 versibus
380 3312 501 3378 forinas
524 3318 673 3393 cirninum
696 3317 730 3377 et
744 3318 893 3391 optimus?
921 3312 1065 3377 Eandem
1090 3334 1157 3377 rem
1180 3314 1359 3380 invenimus

123 3420 157 3484 in
180 3416 335 3501 exemplis
355 3416 549 3500 quibusdam
566 3409 740 3480 Ovidianis.
774 3415 861 3499 Lege
877 3436 998 3499 quaeso
1015 3416 1123 3495 verba,
1146 3437 1230 3499 quae
1246 3422 1359 3482 extant

124 3544 145 3587 a
167 3541 263 3586 versu
286 3520 360 3585 Met.
379 3520 533 3586 Xll1393
556 3541 659 3602 usque
682 3518 725 3584 ad
746 3540 875 3587 versum
892 3524 971 3604 428:
991 3518 1087 3585 facile
1109 3520 1265 3585 concedes
1281 3541 1359 3604 apo·

124 3625 277 3710 strophas
295 3626 328 3688 in
343 3624 489 3689 versibus
512 3629 573 3689 393
598 3630 636 3715 et
652 3628 712 3689 421
739 3644 760 3688 a
782 3644 907 3687 summo
928 3622 1040 3689 dolore
1056 3628 1171 3706 poetae
1195 3624 1357 3708 proficisci

123 3729 243 3810 rideri;
265 3728 322 3794 sed
345 3736 484 3810 utroque
505 3728 578 3792 loco
602 3726 848 3810 circumscripta
869 3735 919 3791 est
943 3726 1047 3791 forma
1075 3732 1244 3808 Cyttnrnnu
1267 3728 1358 3810 atqui

124 3838 253 3897 constat
269 3831 416 3897 Ovidium
440 3831 501 3896 sibi
526 3832 733 3915 proposuisse
756 3831 841 3895 hanc
861 3831 976 3913 legem,
997 3836 1033 3896 ut
1055 3830 1187 3915 syllabis
1207 3830 1358 3895 finalibus

122 3938 156 4002 ia
171 3957 200 4000 m
213 3935 354 4000 litteram
372 3934 564 4002 exeuntibus
580 3934 691 4000 eodem
707 3933 803 4000 modo
819 3940 974 4014 uteretur,
990 3955 1054 4017 quc
1069 3933 1173 4017 longis
1189 3934 1321 4018 syllabis
1331 3935 1357 4018 ²)
1436 3955 1439 3960 ·

210 4195 237 4270 l)
261 4192 341 4248 Tales
361 4211 464 4261 versus,
490 4194 538 4247 ubi
557 4194 674 4261 accedit,
702 4193 776 4262 quod
794 4193 875 4246 simul
892 4210 943 4262 per
966 4192 1110 4262 enallagen
1133 4210 1211 4247 casus
1229 4192 1272 4246 vel
1297 4210 1357 4262 per·
1410 4183 1412 4186 ¹

122 4299 206 4336 sonae
225 4280 396 4334 efficiebatur
415 4279 541 4349 dactylus
559 4298 651 4333 merus
670 4281 697 4333 iu
717 4280 814 4348 quinto
832 4279 988 4333 hexametri
1005 4279 1077 4348 pede
1089 4279 1134 4333 vel
1147 4279 1175 4332 in
1194 4283 1292 4348 quarto
1311 4285 1358 4333 aut

123 4369 219 4438 quinto
238 4368 411 4436 pentametri,
431 4371 528 4435 postea
547 4366 674 4435 colligam
694 4366 776 4420 tertia
795 4365 904 4419 decima
921 4365 1104 4435 paragrapho.

207 4472 234 4538 2)
259 4469 300 4525 Os.
319 4468 441 4538 Haupt
459 4469 602 4525 Observat.
622 4461 684 4523 crit
703 4487 730 4538 p.
748 4471 798 4536 21;
823 4467 955 4539 Opuscul.
974 4467 990 4522 I
1007 4470 1095 4538 p.es;
1121 4439 1295 4523 Draheim
1322 4469 1357 4523 de
1452 4431 1453 4434 =

122 4560 182 4611 arte
200 4556 322 4628 metrica·
333 4554 455 4611 Hermae
467 4554 520 4609 vol.
527 4553 599 4610 XIV
616 4574 644 4625 p.
655 4555 722 4623 2553
740 4553 773 4609 L.
791 4553 953 4609 Mueller
972 4554 1006 4608 de
1022 4572 1052 4609 re
1070 4557 1170 4608 metn’
1185 4573 1213 4625 p.
1228 4557 1286 4609 347.
