3167 5250
734 457 949 522 ..42-

223 651 334 695 amore
356 632 422 695 sive
442 629 663 695 misericordia
678 629 744 695 sive
761 629 852 694 luctu
869 629 935 694 sive
951 627 1025 695 odio
1041 627 1263 713 similibusque
1287 627 1465 694 affectibus

223 734 417 799 inflammari
448 736 559 820 possit.
604 734 682 800 lnde
706 740 755 798 est
783 733 855 798 luce
882 734 1001 799 clarius
1024 733 1310 817 Metamorphoses,
1334 733 1465 813 Fastos,

226 841 335 902 llrtom
367 845 474 913 amat,
506 837 634 902 Remed.
665 859 764 902 amor.
796 838 898 902 multo
928 838 1057 920 aptiora
1087 836 1186 902 fuisse
1215 836 1338 925 figurae
1362 857 1464 919 quam

225 941 441 1006 Medicamiua
463 942 523 1005 lac.
546 942 619 1006 iem.
664 941 743 1006 Tum
767 963 844 1006 vero
867 941 1045 1006 concedent
1065 962 1175 1004 onmes
1199 939 1320 1005 talibus
1344 942 1465 1004 carmi·

223 1045 318 1110 nibus
347 1045 434 1109 velut
463 1045 658 1110 Heroidibns
687 1052 744 1110 aut
773 1045 929 1129 Epistulis
952 1066 992 1109 ex
1022 1045 1133 1123 Ponto,
1166 1065 1250 1127 quae
1280 1043 1322 1107 ad
1353 1050 1464 1109 certas
1574 1072 1575 1079 ¹

225 1151 381 1231 quasdam
404 1170 561 1232 personas
584 1150 700 1214 missae
723 1150 925 1225 simulantur,
954 1147 1154 1213 aversionem
1176 1146 1218 1211 ab
1240 1147 1291 1213 bis
1313 1148 1465 1231 personis
1574 1222 1575 1231 ἵ

225 1251 265 1315 ad
289 1251 385 1315 aliam
415 1272 585 1335 personam
617 1259 674 1316 aut
703 1273 770 1316 rem
800 1251 919 1316 factam
952 1271 1014 1316 non
1044 1250 1192 1315 idoneam
1223 1250 1322 1315 luisse
1346 1250 1463 1314 eodem

225 1354 320 1418 modo
342 1361 440 1437 atque
464 1355 660 1420 carminibus
683 1356 790 1439 epicis.
839 1356 982 1438 Denique
998 1355 1051 1418 vix
1066 1353 1245 1433 miraberis,
1269 1354 1356 1437 quod
1371 1354 1461 1418 idem

225 1464 331 1541 poeta,
355 1460 446 1523 cuius
468 1460 572 1523 maior
588 1479 740 1523 numerus
756 1458 1026 1542 apostropharum
1044 1463 1132 1522 recte
1148 1455 1368 1521 adhibiturum
1386 1478 1463 1540 pro·

226 1561 317 1645 prius
332 1568 390 1641 est,
414 1565 559 1627 crebrius
574 1562 680 1645 figura
695 1561 817 1626 abusus
833 1568 891 1640 est,
917 1563 1068 1644 quoniam
1086 1565 1190 1645 magis
1208 1581 1247 1625 ea
1262 1566 1462 1625 assueverat.

225 1664 409 1729 Excusatur
424 1666 520 1730 etiam
536 1666 668 1749 paulum
693 1671 750 1729 aut
772 1664 917 1729 elevatur
933 1664 1070 1729 audacia
1085 1663 1187 1742 Ovidi,
1211 1684 1282 1728 oum
1299 1663 1463 1728 delibera-

225 1790 296 1832 mus
327 1790 397 1832 eam
430 1772 550 1833 t'aotam
580 1790 650 1833 esse
679 1768 766 1832 haud
797 1790 873 1832 raro
902 1767 987 1832 hono
1015 1768 1158 1846 consiliu,
1191 1774 1228 1830 ut
1259 1788 1371 1832 versus
1401 1789 1463 1850 per

225 1892 330 1935 meros
359 1871 504 1955 dactylos
534 1872 656 1955 liquide
688 1870 886 1955 profluentes
920 1877 1127 1951 crearentur3
1165 1870 1313 1935 Ovidium
1349 1877 1460 1934 autem

224 1974 326 2039 multo
357 1975 478 2039 maiore
508 1974 615 2040 studio
643 1976 838 2059 appetivisse
866 1974 1029 2039 levitatem
1054 1996 1203 2040 versuum
1224 1973 1376 2057 Vergilio,
1405 1976 1462 2057 qui

223 2078 345 2143 formas
361 2096 475 2161 graves
498 2079 701 2162 spondiacas.
727 2099 809 2161 quas
831 2079 942 2161 lingua-
958 2077 1073 2142 Latina
1092 2080 1121 2143 ei
1144 2077 1333 2162 praebebat,
1357 2077 1462 2141 haud-

225 2202 387 2265 quaquam
412 2204 537 2246 summa
566 2204 636 2247 cum
660 2182 828 2265 diligentia
851 2181 1002 2260 evitabat,
1034 2183 1119 2245 inter
1149 2202 1259 2246 omnes
1288 2183 1461 2263 constatl).

310 2285 360 2349 Ex
391 2284 441 2348 bis
471 2286 566 2350 modo
597 2285 692 2349 dictis
722 2293 829 2350 autem
860 2287 980 2368 optime
1008 2284 1240 2367 intelleguntur
1266 2284 1374 2348 omnia
1395 2284 1462 2347 dis-

225 2388 369 2467 crimina,
400 2410 483 2471 quac
512 2389 719 2470 cognovimus
753 2389 786 2451 in
814 2388 1031 2473 apostrophae
1052 2410 1112 2453 usu
1140 2389 1225 2452 inter
1250 2386 1397 2453 Ovidium
1421 2409 1462 2450 ac

226 2491 402 2575 Vergilium
426 2498 458 2555 et
479 2493 565 2555 inter
588 2491 714 2574 singula
735 2493 879 2556 carmina
901 2495 1078 2573 utriusque.

718 2784 867 2851 cartu
890 2786 962 2852 111.
995 2785 997 2790 ’

313 2946 403 3023 ἓ20.
449 2931 606 3021 Quoniam
637 2942 677 3006 de
700 2942 886 3024 Vergiliano
910 2948 943 3006 et
966 2942 1121 3006 Ouidiano
1152 2942 1369 3026 apostrophae
1399 2965 1461 3006 usu

225 3047 305 3110 satis
340 3045 477 3111 diximus
488 3047 524 3129 2),
556 3047 761 3129 accingamus
789 3067 847 3110 nos
877 3045 918 3110 ad
950 3046 1080 3109 tertium
1114 3051 1213 3130 caput
1242 3046 1459 3124 tractandum,

227 3149 442 3232 quomodo
472 3148 736 3232 reliquorum
766 3155 984 3233 poetarum
1008 3151 1277 3213 Romanorum
1307 3150 1460 3214 claris-

224 3253 334 3332 simi,
372 3254 602 3336 praocipue
640 3254 968 3339 dactylicorum,
1000 3255 1299 3337 usurpaverint
1334 3253 1460 3317 illam

227 3356 541 3440 apostropham,
573 3379 652 3439 qua
681 3357 723 3420 in
753 3379 794 3421 re
824 3378 883 3420 mc
914 3356 960 3421 ad
994 3356 1295 3421 illustrandum
1320 3357 1460 3421 Roma·

226 3481 367 3524 norum
410 3481 525 3523 usum
568 3460 771 3525 nonnulla
813 3481 978 3543 quoque
1015 3459 1247 3524 allaturum
1286 3482 1377 3525 esse
1414 3483 1461 3524 ex

227 3561 404 3627 Graccis
435 3584 562 3647 supra
590 3564 774 3647 promisi.
798 3603 838 3610 -
862 3564 1013 3646 Figuram
1036 3564 1101 3627 iam
1125 3563 1357 3645 antiquissimis
1380 3571 1460 3628 tem-

226 3666 360 3749 poribus
390 3665 535 3731 Graecae
568 3668 675 3751 poesis
704 3668 850 3732 extitisse
881 3666 1060 3731 Homericis
1093 3666 1300 3750 apostrophis
1330 3667 1460 3732 demon-

228 3775 359 3834 stratur.
414 3770 492 3835 Cum
530 3792 605 3835 vero
641 3793 706 3854 qua
740 3773 866 3836 ratione
900 3776 1066 3854 permotus
1101 3769 1155 3834 ille
1189 3778 1287 3853 poeta
1322 3771 1460 3854 figuram

227 3873 412 3938 adhibuerit
444 3881 713 3940 commentatores
740 3876 826 3960 inter
848 3896 881 3939 se
903 3874 1073 3940 dissentire
1104 3895 1203 3957 supra
1233 3873 1462 3955 audiverimus,

314 4083 338 4148 1)
357 4081 400 4135 De
418 4081 470 4134 hac
490 4099 520 4135 re
539 4083 640 4145 confer,
668 4084 741 4151 quod
766 4079 898 4136 dixerunt
920 4080 1107 4135 Drobisch
1135 4081 1243 4147 (Sachs.
1263 4080 1414 4135 Gerellsch.
1435 4083 1460 4136 d.

228 4165 397 4221 Wissensoh.
416 4167 595 4222 Phil-histor.
607 4168 707 4223 Klasse
727 4171 793 4223 1866
812 4188 839 4237 p.
853 4171 966 4237 75sqq.:
985 4168 1039 4221 Ein
1058 4167 1380 4221 stetistiseheerrsuch
1392 4170 1462 4223 iiber

227 4254 270 4306 die
293 4253 413 4307 Formen
438 4255 487 4308 des
509 4255 555 4308 lat.
578 4254 759 4321 Hexamcter)
789 4260 817 4308 et
846 4254 1033 4323 Hultgren
1062 4253 1148 4322 (Neue
1165 4253 1248 4307 dhrb.
1275 4254 1292 4307 f.
1312 4253 1384 4308 Phil.
1404 4258 1461 4322 107,

228 4343 302 4408 1873,
321 4360 348 4409 p.
367 4344 499 4410 utraqu:
518 4339 572 4395 Die
590 4340 715 4394 Technik
733 4342 783 4395 der
801 4349 870 4395 rom.
882 4340 1000 4394 Dichter
1021 4341 1058 4393 im
1078 4340 1208 4409 cpiscben
1228 4340 1284 4393 und
1303 4340 1460 4409 elegischen

226 4425 390 4495 Versmass).

313 4514 340 4581 2)
364 4512 516 4581 Nonnulla,
544 4531 612 4582 quae
641 4514 676 4566 ad
701 4512 803 4566 horum
832 4520 977 4583 poetarum
1005 4511 1186 4582 apostrophus
1217 4514 1365 4581 pertinent,
1397 4513 1460 4567 huic
1535 4585 1537 4590 Ι

227 4599 426 4654 dissertationis
443 4600 516 4669 parti
534 4599 633 4654 melius
651 4599 799 4680 inserenda
814 4618 873 4654 esse
891 4600 994 4669 putavi.
