3167 5250
628 459 841 525 ..27-

119 632 335 698 veneratio
368 630 487 715 partim
522 631 666 697 odium.
712 628 840 713 Ubique
864 649 939 693 rero
971 628 1134 693 evitantur
1168 626 1263 692 simul
1295 646 1355 710 per

120 736 289 820 enallagen
311 757 405 801 casus
428 735 561 814 icrnrae,
584 756 668 819 qnae
684 740 823 818 autper
845 754 879 798 se
895 738 952 797 aut
973 752 1032 817 per
1054 731 1262 814 iniquitatem*
1280 731 1354 795 reli-

120 862 257 925 quarum
280 861 392 904 vocum
416 839 554 923 speciem
579 838 689 904 cretici
714 838 915 903 continentes
943 836 1051 901 versui
1073 835 1233 919 dactylico
1255 835 1354 902 inseri

118 966 184 1010 non
206 949 390 1028 potuerunt.
1190 960 1192 968 =

206 1067 224 1150 ἓ
249 1070 297 1130 10.
342 1064 466 1144 Quibus
489 1061 647 1128 absolutis
670 1016 756 1128 reler
774 1061 886 1127 oculos
908 1082 1033 1126 mecum
1057 1060 1098 1124 ad
1120 1058 1236 1137 locum,
1260 1079 1353 1142 quem

114 1176 220 1252 snpra
241 1190 270 1252 p.
286 1174 326 1233 24
349 1167 570 1245 tractavimus,
593 1166 660 1232 soil.
677 1170 784 1231 Amor.
801 1165 831 1230 lI
849 1171 897 1243 18,
914 1170 965 1243 22,
988 1163 1043 1229 ubi
1066 1168 1131 1228 est:
1156 1167 1355 1239 el‘locrimos,

121 1278 222 1353 Phylli
244 1277 365 1348 relicto,
388 1282 475 1348 tuus,·
506 1292 603 1354 quam
626 1268 858 1354 apostropham
882 1289 982 1352 supra
1004 1266 1144 1332 diximus
1166 1265 1287 1350 optime
1308 1265 1356 1330 in·

121 1375 231 1459 tellegi
254 1397 293 1440 ex
317 1375 624 1443 misericordia⁴
641 1378 766 1458 poetae,
797 1371 1033 1456 respiciendum
1056 1391 1132 1435 vero
1156 1391 1235 1448 esse,
1267 1369 1355 1453 qood

120 1479 227 1544 forma
255 1484 404 1561 Phyllidis
435 1479 542 1543 versui
577 1479 689 1561 iniqua
720 1498 778 1561 per
811 1474 980 1558 enallagen
1013 1494 1108 1539 casus
1141 1473 1263 1538 evitata
1297 1477 1355 1538 esi.

120 1583 186 1648 Sed
209 1582 299 1647 aliud
319 1582 461 1647 accedit:
486 1581 544 1646 illa
567 1581 667 1646 verba
686 1586 762 1651 sunt
790 1580 824 1643 in
851 1584 1064 1663 pentametro,
1094 1598 1159 1661 quo
1189 1576 1231 1642 ab
1260 1598 1356 1642 versu

120 1687 250 1752 omnino
284 1685 461 1751 abhorrere
493 1702 603 1764 voces,
644 1705 729 1768 quae
767 1683 927 1768 praebent
962 1681 1102 1766 speciem
1135 1686 1193 1749 ant
1223 1679 1358 1746 baechei

120 1790 166 1873 (h.
183 1811 209 1857 e.
232 1791 325 1872 υ--)
348 1795 405 1853 ant
426 1789 524 1853 ionici
547 1811 567 1852 a
590 1789 712 1853 minore
734 1787 778 1872 (b.
796 1809 822 1851 e.
846 1788 967 1868 υυ--)
991 1785 1076 1850 inter
1091 1805 1202 1849 omnes
1218 1789 1311 1850 const
1333 1788 1355 1846 t.

120 1895 237 1977 ltaque
260 1892 429 1977 perillam
452 1892 684 1977 apostropham
707 1895 880 1977 praeterea
903 1890 1025 1955 evitata
1047 1894 1096 1954 est
1117 1887 1229 1972 iniqua
1251 1887 1356 1957 forma

119 2002 260 2073 relictae,
283 2018 366 2080 quae
390 1995 477 2061 illius
500 1996 619 2080 speciei
640 1995 795 2060 metricae
818 2023 897 2052 υ--
919 1993 969 2059 sit.
1005 2046 1007 2052 ,

208 2100 330 2174 Eodem
354 2099 678 2165 misericordiae
704 2096 867 2162 affectu
895 2102 1074 2163 commotus
1102 2094 1230 2160 ridetur
1258 2101 1356 2179 poeta

121 2226 301 2269 sermonem
336 2204 472 2268 vertisse
506 2203 593 2268 Fast.
625 2202 667 2267 Vl
696 2208 759 2268 494
793 2201 835 2266 ad
868 2200 1029 2266 infelicem
1063 2198 1263 2264 Melicertam
1300 2204 1358 2263 aut

120 2307 217 2372 Trist.
240 2308 298 2387 15,
316 2313 355 2372 22
378 2307 419 2372 ad
442 2318 481 2384 le,
504 2312 601 2371 tristis
624 2311 751 2382 Oresto;
774 2305 861 2370 Fast·
875 2305 922 2369 lll
938 2309 999 2370 612
1023 2302 1156 2369 Ovidius
1178 2303 1273 2386 quasi
1291 2302 1357 2380 fiet,

123 2417 159 2475 ut
190 2416 306 2494 poetae
335 2411 437 2494 ipsius
460 2410 567 2475 verbis
591 2415 673 2486 utar,
702 2429 863 2474 unacum
886 2408 1057 2493 Cythereio
1079 2406 1177 2471 heroe
1200 2412 1356 2471 admonitu

120 2525 233 2592 molus,
266 2519 383 2593 Elissa,
418 2519 470 2579 tui.
521 2513 608 2578 Fast.
637 2513 667 2577 ll
695 2518 756 2578 718
794 2518 904 2577 autem
939 2511 1008 2576 eine
1041 2510 1140 2576 dnbio
1176 2510 1261 2575 inest
1293 2510 1360 2573 in·

122 2618 334 2702 dignatio,
360 2618 412 2684 cni
435 2616 568 2683 affectui
591 2623 757 2700 tamqnam
772 2615 960 2682 testimonio
975 2624 1026 2681 est
1041 2604 1235 2680 adiectivnm
1257 2619 1356 2691 dirus,

121 2722 209 2805 quod
232 2723 352 2786 nomini
375 2722 513 2806 Superbi
534 2720 687 2786 additum¹
709 2726 774 2801 est-3
804 2719 901 2785 simili
931 2718 1051 2784 affectu
1082 2719 1237 2783 incitatus
1264 2717 1356 2783 adhi·
1475 2807 1479 2813 „

121 2826 231 2891 bnisse
254 2825 381 2891 videtur
405 2830 503 2910 poeta
526 2823 758 2909 apostropham
781 2824 815 2887 in
836 2821 993 2902 versibus,
1016 2822 1073 2906 qui
1093 2820 1245 2906 leguntur
1260 2821 1356 2886 Triet.

121 2930 169 2994 lll
185 2936 214 3007 2,
231 2935 324 3012 3sq.:
348 2934 411 2993 Nec
433 2951 494 3005 uos,
520 2933 669 3004 Pierides,
693 2949 750 2993 nee
771 2932 867 3006 stirps
886 2930 1014 3004 Letoia,
1026 2936 1126 2991 uestro
1143 2929 1240 2990 Docto
1253 2946 1357 2990 socer-

123 3040 187 3099 doti
210 3037 300 3098 turbu
322 3038 432 3097 tulistis
455 3053 550 3112 opens.
595 3031 751 3096 Omnibus
773 3031 825 3096 bis
851 3029 931 3095 locis
961 3035 1071 3095 eutem
1100 3050 1269 3095 commune
1299 3034 1357 3107 est,

123 3136 210 3220 quod
239 3158 298 3220 per
327 3135 495 3219 enallagen
526 3157 620 3200 casus
649 3134 699 3200 vel
733 3154 893 3219 personae
923 3134 1086 3200 evitantur
1112 3133 1195 3199 tales
1233 3133 1357 3197 formae

122 3229 335 3324 (Melicerten,
363 3244 511 3316 Orestam,
536 3244 666 3317 Elissae,
689 3243 832 3319 Superbi,
857 3239 1007 3323 tulerunt)
1039 3259 1122 3321 qnae
1154 3242 1358 3321 pentametro

121 3343 221 3408 inseri
244 3341 331 3407 nullo
356 3342 451 3407 modo
474 3347 657 3427 potuerunt.

208 3446 297 3510 Idem
327 3446 428 3512 habes
457 3446 529 3511 aliis
559 3445 719 3511 nonnullis
748 3445 838 3525 locis,
867 3467 885 3510 e
911 3444 1029 3529 quibus
1051 3445 1255 3509 veneratio
1282 3444 1357 3508 deo·

121 3573 194 3616 rum
224 3552 275 3615 vel
302 3550 466 3616 hominurn
502 3548 671 3634 propalam
706 3549 828 3615 elucet:
864 3549 930 3614 sive
963 3550 1154 3613 invocantur
1183 3558 1271 3613 casta
1300 3551 1358 3611 Mi-

122 3676 220 3718 uerco
242 3655 364 3738 (Amor.
388 3654 402 3718 l
426 3660 454 3734 7,
480 3657 543 3738 18),
572 3654 638 3719 sive
664 3658 812 3733 Quirinus
839 3652 940 3737 (Fest.
963 3653 1006 3717 lV
1030 3653 1094 3736 56),
1124 3652 1191 3717 sive
1220 3651 1359 3742 Thybris

123 3758 203 3821 deus
225 3757 374 3837 fluvialis,
405 3760 533 3833 futurus
557 3780 679 3837 parens
701 3763 838 3837 potentis
861 3778 963 3836 oquae
983 3756 1084 3840 (Fast.
1106 3755 1151 3819 IV
1175 3757 1260 3837 572),
1291 3755 1357 3820 sire

122 3866 221 3926 iustus
244 3865 372 3926 Latinus
394 3861 495 3945 (Fast.
511 3861 542 3926 Il
559 3868 636 3942 544;
661 3865 766 3926 Amor.
789 3861 820 3925 ll
844 3866 893 3940 12,
917 3862 982 3943 22),
1009 3865 1076 3925 sive
1099 3866 1197 3924 cultus
1223 3864 1357 3924 Tibullus

122 3966 244 4048 (Amor.
268 3965 282 4029 l
309 3971 355 4044 15,
379 3968 443 4047 28),
472 3965 538 4030 sire
568 3976 664 4044 nupto
687 3963 1100 4047 pudicoLucreliuOEast.
1123 3963 1261 4045 11794),
1291 3962 1357 4026 sive

122 4073 272 4133 Homerus
301 4068 638 4153 (Amor.1118,2e);
676 4068 798 4151 ubique
832 4074 940 4132 eutem
973 4068 1007 4131 in
1039 4066 1152 4132 ordine
1185 4065 1356 4152 verborum

7 4169 9 4172 ’
122 4178 213 4236 recto
236 4171 286 4238 vel
305 4173 340 4236 in
364 4172 547 4237 nominibus
568 4172 710 4256 propriis
732 4171 783 4236 vel
811 4172 844 4235 in
874 4170 1042 4236 adiectivis
1070 4170 1209 4235 haberes
1236 4169 1358 4235 formas

123 4276 259 4340 baocbei
290 4282 347 4341 aut
376 4277 473 4341 ionici
504 4298 524 4341 a
554 4277 686 4341 minore.
730 4276 810 4345 Tres
838 4276 902 4340 loci
931 4275 1044 4340 similis
1073 4274 1200 4357 generis
1223 4279 1357 4352 restant,

123 4380 179 4462 qui
203 4379 379 4444 cohaerent
398 4383 483 4444 inter
513 4401 547 4444 se
576 4381 633 4459 ita,
663 4386 701 4443 nt
730 4380 962 4464 apostropham
994 4378 1036 4443 ab
1066 4377 1186 4443 affectu
1215 4378 1355 4461 quodam

122 4482 315 4566 profluxisse
332 4483 517 4571 ¹verisimile
548 4484 598 4563 sit,
634 4489 671 4547 ut
702 4504 777 4547 vero
809 4484 948 4561 nomina,
980 4505 1039 4566 per
1069 4505 1103 4547 se
1135 4486 1239 4546 metro
1270 4487 1357 4565 apta,

93 4607 96 4611 ·
122 4607 195 4670 per
218 4586 489 4669 iniquitatem
513 4586 776 4669 reliquarum
800 4577 950 4652 versuum
972 4607 1114 4650 vocum
1138 4606 1201 4656 non
1216 4584 1357 4667 quadra·
