3167 5250
743 461 961 526 .-12-

237 631 338 716 (apud
359 630 549 716 Spengel.
572 631 619 697 111
640 653 671 716 p.
693 635 763 715 88):
785 629 833 701 ‘H
849 633 885 701 δέ
907 639 975 701 τῶν
997 630 1188 717 προσώπων
1207 630 1395 720 μετάβασις,
1425 628 1480 694 in·

238 736 317 819 quit,
339 745 429 803 ποιεῖ
449 732 512 821 τὴν
533 736 743 823 καλουμένην
764 732 995 822 ἀποστροφήν,
1017 732 1091 805 οἷον

392 837 452 906 τὸν
472 835 501 907 d'
519 836 781 927 ἀπαμειβόμενος
800 841 970 927 προσέφης
992 840 1194 925 Πατρόκλεις
1215 843 1330 907 ἱππεῦ·
1343 838 1368 923 ¹)

324 946 389 1022 καλ,

391 1046 475 1114 ἔνθα
496 1046 532 1114 κέ
555 1072 606 1115 τοι
628 1046 779 1115 Μενέλαε
803 1048 894 1134 φάνη
915 1052 1042 1134 βιοτοῖο
1065 1045 1246 1133 retiarii).

326 1182 419 1269 Apud
435 1184 493 1249 Iul.
509 1184 781 1251 Rufinianum
803 1184 940 1271 (Halm.
963 1208 994 1270 p.
1007 1186 1062 1269 54)
1081 1184 1178 1269 legis:
1200 1183 1413 1262 Μετάστασις
1430 1195 1483 1246 est

238 1294 286 1351 aet
309 1286 494 1373 μετάβασις,
524 1308 591 1352 cum
622 1294 813 1368 eloquentis
838 1310 975 1368 persono
1003 1296 1047 1353 ad
1067 1310 1237 1369 personam
1266 1293 1357 1353 otiam
1388 1298 1480 1351 tran-

238 1396 327 1455 situm
349 1393 490 1467 facimus,
513 1397 633 1456 ratione
657 1398 762 1472 atiquo
784 1401 833 1457 oet
853 1394 990 1470 adfectu,
1013 1404 1065 1457 ut:

476 1500 543 1560 Non
565 1502 642 1561 haec
663 1501 814 1561 Euandro
838 1502 876 1561 de
898 1507 927 1560 te
943 1501 1100 1576 promissa
1116 1501 1245 1576 parenti

477 1602 645 1664 Discedens
668 1606 831 1664 dederam:

326 1705 461 1766 deinde:

444 1810 485 1869 Et
506 1826 588 1870 nurse
612 1811 665 1869 itte
686 1811 807 1885 quidem
829 1827 884 1885 spe
906 1814 1028 1871 muttum
1051 1816 1159 1885 coptus
1182 1812 1269 1870 inani

443 1914 522 1974 Fors
543 1920 572 1974 et
594 1919 661 1974 uota
682 1911 787 1985 facit.
811 1960 850 1975 ..

325 2017 461 2078 Deinde:

392 2119 521 2193 Infelix,
545 2120 641 2193 sunus
663 2123 729 2182 nati
750 2122 877 2181 crudete
899 2121 1022 2182 uidebis.

392 2224 433 2283 Hi
454 2226 553 2285 nostri
574 2225 692 2285 reditus
715 2226 946 2299 exspectatique
966 2225 1132 2298 triumphi?

393 2328 478 2387 Haec
497 2345 564 2387 mea
585 2344 697 2403 mapna
715 2329 816 2400 rides?
859 2330 897 2387 m
918 2344 989 2399 non,
1011 2328 1170 2399 Euandre,
1187 2328 1346 2401 pudendis

401 2430 580 2491 Vulneribus
597 2433 720 2504 pulsum
744 2432 885 2505 aspicies.

325 2535 411 2597 Haec
435 2538 541 2610 fipura
564 2534 677 2595 dicitur
699 2534 830 2594 variatio
853 2542 908 2595 aut
935 2535 1093 2594 transitus.
1123 2568 1166 2578 —
1186 2526 1394 2614 Ἀποστροφή
1422 2542 1478 2608 est,

243 2656 310 2699 cum
339 2655 438 2703 sermo
461 2645 585 2700 orecto
615 2644 644 2699 et
672 2640 809 2699 instituto
842 2639 951 2700 ordine
978 2641 1009 2699 in
1040 2640 1191 2698 diuersum
1223 2656 1261 2699 ac
1289 2641 1479 2699 contrariam

239 2744 379 2815 uertitur,
400 2749 450 2803 ut:

461 2848 624 2922 Scipiadas
649 2849 743 2907 duros
765 2847 841 2908 heito
865 2852 894 2907 et
916 2854 954 2918 te,
980 2848 1111 2906 monime
1139 2844 1264 2906 Caesar.

327 2952 380 3011 Et:
459 2951 615 3024 impulerit
635 2948 723 3021 ferro
747 2996 754 3010 .
780 2996 787 3010 .
812 2995 819 3010 .
844 2995 851 3010 .

327 3070 436 3131 Latine
452 3072 607 3131 conoersio
621 3072 743 3131 dicitur.
767 3070 854 3130 Inter
867 3072 1043 3131 metastasin
1056 3077 1085 3130 et
1096 3070 1302 3145 apostrophen
1314 3071 1370 3129 hoc
1382 3071 1478 3129 inter-

243 3182 297 3247 est,
322 3177 404 3250 quod
417 3176 588 3235 metastasis
605 3191 815 3249 personarum
830 3175 1031 3248 multiplicata
1047 3175 1177 3234 variatio
1193 3179 1238 3231 cst
1258 3179 1287 3232 et
1302 3174 1339 3233 ah
1356 3175 1420 3233 otio
1436 3177 1481 3233 ad

242 3280 344 3350 aliam,
367 3279 478 3339 deinde
493 3296 604 3337 rursus
621 3279 664 3337 cd
685 3279 776 3337 otiam
792 3284 821 3337 et
841 3278 986 3352 deinceps
1001 3278 1186 3353 prodat-ione
1204 3277 1372 3336 transitur:
1393 3283 1426 3336 at
1445 3279 1478 3336 in

243 3382 428 3456 apostrophe
444 3381 631 3441 commutatio
650 3386 695 3440 est
711 3398 868 3455 personae
890 3378 961 3450 sere
975 3382 1075 3440 utrius.
1107 3375 1360 3440 Rufinianus
1383 3382 1480 3441 vocat

242 3482 341 3565 igitur
371 3479 510 3564 speciem
541 3479 702 3561 quandam
732 3478 828 3543 huius
851 3479 1070 3568 apostrophus
1096 3477 1283 3564 μετάβασιν.
1335 3479 1477 3543 Rutilius

242 3584 372 3668 Lupus
386 3584 513 3649 videtur
524 3582 652 3647 omnino
664 3582 748 3647 hane
758 3582 989 3667 apostropham
1005 3582 1186 3646 nominasse
1198 3581 1386 3667 μετάβασιν,
1403 3603 1474 3646 cum

244 3689 337 3753 dicit:
367 3693 462 3752 Unum
480 3708 578 3768 penus
599 3685 807 3773 μεταβάσεως
828 3696 874 3750 cst
894 3687 974 3770 [cius
988 3684 1092 3769 modi]‚
1115 3705 1182 3748 cum
1205 3689 1242 3749 ah
1264 3706 1301 3749 ea
1316 3690 1478 3762 sententio,

244 3814 332 3873 quam
356 3796 584 3872 proposuimus,
619 3794 820 3854 connectimus
849 3796 892 3853 ad
918 3793 1052 3867 aliquam
1077 3810 1245 3868 personam
1274 3800 1327 3852 out
1356 3809 1420 3851 rem
1450 3799 1480 3851 ct

244 3909 394 3975 tamquam
428 3904 622 3974 praesentem
659 3900 857 3973 appellamus.
913 3892 1011 3956 Recte
1044 3913 1116 3957 mea
1153 3891 1282 3974 quidem
1319 3891 1480 3955 sententia

243 3998 418 4064 Dzialas
448 3996 564 4083 dicim)
587 3995 904 4076 Quintilianum
937 3995 978 4059 ad
1006 3995 1088 4060 haec
1116 3995 1223 4060 omnia
1253 3995 1479 4079 respicientem

243 4102 323 4167 illud
339 4101 516 4167 addidisse:
546 4106 612 4177 hoc,
636 4106 687 4179 qui
709 4110 769 4163 tom
786 4120 889 4178 parua
902 4109 1050 4164 momento
1065 4103 1234 4164 nominihus
1257 4104 1479 4174 discreverunt,

243 4207 423 4294 μετάβασιν
443 4214 559 4270 uocant.
606 4204 703 4287 Atqui
727 4207 855 4267 constat
877 4201 1020 4286 reliquos
1042 4203 1190 4267 rhetores
1206 4201 1302 4266 aliam
1326 4201 1479 4267 habuisse

330 4415 357 4482 1)
374 4412 439 4467 Vid.
457 4411 552 4480 11:16,
571 4413 613 4465 20.

330 4498 610 4573 ammam

331 4585 587 4654 &Laapffi
