3167 5250
635 461 851 525 ..m-.-

122 636 241 717 poetae
274 652 314 697 ex
347 631 562 717 apostropha,
595 652 679 716 quae
713 631 833 716 legitur
863 628 930 698 uel.
960 631 1035 699 Vlll
1068 637 1125 700 93:
1167 642 1269 710 terro,
1303 636 1358 699 titt

122 742 306 923 manddpnd
331 839 478 904 Ovidium
503 840 653 922 religio
682 838 763 904 loci
793 840 914 923 optime
937 839 1073 905 affertur
1095 861 1194 905 causa
1216 846 1362 924 apostro-

30 1004 34 1012 .
123 944 218 1027 phac,
241 964 338 1025 quam
361 942 518 1007 habemus
540 942 625 1008 Fast.
642 943 686 1007 IV
705 948 784 1009 874:
808 956 838 1008 et
860 948 936 1009 bello
959 956 988 1009 te
1011 964 1129 1023 qnoque
1151 949 1241 1023 cepit,
1265 949 1361 1024 Eryx,
1450 952 1454 961 '

123 1046 174 1111 vel
203 1046 289 1111 Fast.
310 1048 355 1111 IV
385 1052 446 1112 859
472 1068 552 1129 sqq,
592 1045 647 1110 ubi
678 1047 781 1113 Roma
810 1047 888 1113 urbs
916 1047 1099 1127 invocatum
1131 1068 1173 1110 arr
1199 1053 1362 1111 vertamus

124 1151 202 1214 vitio
226 1149 287 1214 ciri
303 1150 458 1229 Romano,
481 1151 536 1232 qui
559 1150 704 1232 loquitur
720 1149 759 1215 de
778 1150 896 1232 patria,
917 1149 1004 1233 quod
1020 1151 1198 1215 orationem
1214 1150 1364 1215 admovet

125 1254 168 1317 ad
191 1275 303 1318 sensus
319 1261 490 1336 motusque
505 1254 684 1318 animorum
700 1252 969 1319 inflammandos?
1008 1252 1130 1318 Eadem
1148 1254 1362 1317 veneratio

123 1357 236 1422 subest
263 1378 361 1441 porro
390 1357 624 1441 apostrophos,
655 1377 727 1422 oum
750 1355 907 1422 Hercules
936 1356 1013 1422 Met
1036 1357 1082 1421 IX
1107 1361 1167 1423 186
1191 1379 1260 1439 sqq.
1290 1378 1362 1423 cum

125 1462 292 1525 aversione
315 1461 409 1525 dicit:

284 1585 389 1657 Vosne,
412 1603 528 1657 arterias,
552 1586 646 1646 ualidi
664 1587 826 1660 pressistis
848 1602 966 1659 cornua
989 1587 1093 1646 tauri?

285 1689 420 1750 Vestram
444 1706 520 1763 epus
544 1690 607 1749 Elis
630 1688 730 1761 tutet,
754 1697 885 1749 nestrum
909 1688 1133 1765 Stymphalides
1156 1691 1268 1760 undae,

279 1794 538 1867 Partheniumque
560 1795 685 1852 nemeis?
708 1799 811 1852 nestro
833 1794 946 1852 uirtute
967 1795 1084 1853 relatus

282 1897 552 1975 Thermodontiaco
575 1899 711 1956 caelatas
734 1895 851 1959 balteus
874 1914 961 1968 nure,

278 2002 430 2075 Pomaque
452 1999 490 2061 ab
514 2001 643 2060 insomni
665 2017 725 2058 nen
749 2001 901 2059 custodite
925 2003 1082 2060 dracone?

214 2118 313 2196 Quasi
349 2115 470 2181 elamor
508 2116 758 2180 admirantis
797 2122 943 2198 poetae
982 2122 1089 2181 autem
1127 2116 1190 2180 diei
1228 2123 1363 2198 possunt

123 2242 244 2296 versus,
267 2242 348 2302 quos
371 2221 506 2302 legimus
528 2219 604 2284 Met.
629 2219 703 2284 XIV
727 2225 789 2285 794
806 2240 869 2301 sq.:
901 2231 930 2283 et
953 2225 1062 2298 Alpino
1085 2227 1172 2284 medo
1195 2240 1274 2298 quae
1297 2241 1362 2283 eer-

123 2336 192 2388 tcre
213 2329 314 2403 ripert
321 2328 495 2399 ,indebetis
518 2345 628 2403 equae,
656 2345 716 2387 non
733 2327 841 2387 ceditis
857 2328 977 2401 ipsiius
1000 2328 1084 2401 ipsis.
1123 2322 1362 2404 Indignatio

122 2426 367 2491 fundamentum
391 2425 519 2490 videtur
540 2425 822 2509 apostropharum,
847 2447 930 2507 quae
952 2425 1105 2508 leguntur
1124 2425 1211 2489 Fosi.
1231 2426 1261 2489 ΙΙ
1284 2432 1361 2491 749;

123 2535 283 2594 Postmodo
299 2534 378 2593 uictu
393 2535 496 2605 eudes,
517 2533 701 2606 melioribus,
717 2535 832 2604 Ardea,
847 2539 957 2604 restes,
974 2533 1128 2608 [inproba
1148 2551 1226 2608 quae
1242 2541 1362 2593 nestros

123 2641 208 2713 cepis
231 2638 338 2698 abesse
360 2640 443 2698 uires
466 2639 500 2698 et
522 2638 628 2697 Amor.
646 2632 691 2698 ΙΙΙ
714 2639 743 2712 2,
761 2640 801 2698 27
818 2655 883 2716 sq.:
914 2638 1023 2698 lnoirie
1051 2640 1141 2698 vestis
1169 2656 1256 2711 eres,
1284 2656 1363 2712 quae

123 2750 184 2803 tem
205 2742 399 2802 denarrare
423 2730 564 2817 repetem
601 2743 724 2816 (tueque
753 2742 852 2817 mepta
881 2748 1009 2815 spectes,
1040 2743 1144 2801 invido
1166 2743 1257 2800 vestis
1280 2759 1360 2802 eres.

209 2840 279 2905 Hoc
293 2841 392 2924 igitur
405 2842 683 2905 commentationis
694 2842 801 2925 capite
814 2839 981 2922 collegisse
992 2840 1069 2903 mihi
1081 2840 1192 2904 videor
1204 2841 1360 2924 exempla,

128 2944 185 3010 ubi
201 2944 431 3028 apostropham
456 2965 496 3008 ex
516 2965 604 3008 mere
626 2945 780 3009 interiore
803 2945 938 3015 ratione,
961 2943 990 3007 h.
1009 2965 1034 3007 e.
1052 2965 1091 3008 ex
1113 2942 1272 3008 affectu
1287 2966 1362 3027 pro·

124 3049 256 3112 fluxisse
288 3057 434 3131 apparet.
479 3048 593 3132 Itaque
624 3069 733 3112 omnes
763 3047 871 3111 adhuc
900 3046 1020 3111 allatae
1051 3047 1268 3131 apostrophae
1298 3069 1361 3111 non

122 3158 259 3237 possunt
281 3152 378 3215 inseri
401 3151 514 3234 figuris
537 3151 756 3233 grammaticis
780 3172 862 3233 quas
887 3171 1046 3228 vocamus,
1076 3151 1132 3215 sed
1155 3150 1264 3234 potius
1290 3150 1361 3214 rhe-

123 3256 243 3334 toricis,
265 3254 296 3318 h.
313 3277 339 3319 e.
362 3254 408 3318 illi
433 3260 550 3319 acriori
570 3261 689 3335 peperi,
713 3261 796 3334 quod
817 3241 876 3318 non
901 3265 1015 3318 teritum
1038 3261 1069 3317 in
1092 3260 1213 3318 ratione
1229 3258 1362 3332 pesitum

123 3370 170 3424 esi
191 3364 344 3438 loquendi,
367 3366 424 3423 sed
445 3364 521 3437 ipsis
543 3362 682 3423 sensibus
705 3380 771 3422 enm
790 3364 925 3436 pretium
949 3368 1009 3421 tum
1031 3364 1120 3422 etiam
1141 3363 1223 3421 vires
1246 3378 1363 3422 cocorn-

122 3469 233 3527 modat.
285 3460 451 3544 Nusquam
482 3460 627 3543 enallage
657 3482 751 3526 casus
783 3460 833 3525 vel
865 3482 1039 3544 personae,
1074 3482 1269 3543 quamquam
1305 3483 1364 3544 per

122 3566 208 3630 hauc
231 3565 367 3629 formam
392 3565 563 3648 eloquendi
582 3564 782 3649 peccabatur
805 3566 837 3628 in
857 3564 1000 3628 ordinem
1022 3564 1219 3629 narrationis
1238 3570 1362 3629 rectum
1434 3614 1439 3622 .

124 3676 158 3733 et
172 3668 364 3744 institutum,
387 3668 569 3751 praebebat
584 3668 677 3733 nobis
693 3666 816 3751 aliquid
831 3666 1025 3745 offensionis,
1048 3667 1105 3732 sed
1129 3688 1167 3731 aa
1183 3674 1255 3732 erat
1269 3666 1362 3731 nobis

123 3771 264 3836 iucunda
295 3771 442 3835 similiter
472 3778 570 3854 atque
602 3778 633 3835 in
665 3775 740 3835 citis
773 3777 894 3834 interim
927 3791 1002 3834 neor
1033 3776 1099 3850 ipse
1132 3776 1284 3834 ineundus
1318 3783 1363 3834 est

123 3874 269 3959 (Quintil.
291 3874 337 3939 IX
362 3881 389 3953 3,
412 3875 475 3958 27).

725 4115 761 4179 Β.

176 4263 179 4270 ’
211 4257 279 4339 §a
323 4254 391 4326 Iam
416 4276 491 4319 vero
515 4253 625 4318 oculos
647 4260 736 4318 verte
760 4275 883 4318 mecum
907 4253 1089 4331 adversus,
1113 4253 1169 4336 qui
1192 4257 1359 4319 suntAen.

125 4358 168 4422 Vl
191 4363 303 4440 30sq.:
333 4407 367 4421 ..
395 4408 402 4422 .
428 4370 461 4422 tu
485 4343 602 4437 queque
633 4379 773 4437 rnepnem
797 4363 919 4421 Partem
949 4377 1042 4436 opere
1071 4361 1102 4419 in
1131 4362 1362 4433 lentesceret

125 4467 222 4536 dolor,
245 4465 347 4538 Iecre,
370 4465 509 4527 tuberes.
555 4460 583 4525 N
594 4460 669 4550 ord
676 4481 773 4524 enus
796 4461 828 4523 in
854 4459 1084 4525 commentario
1108 4452 1244 4524 annotat
1265 4459 1360 4524 haec:

125 4564 192 4629 Das
213 4563 317 4629 Ethos
338 4559 443 4630 dieser
466 4565 566 4629 Verso
588 4564 714 4629 siihlten
743 4566 845 4630 sehon
868 4564 920 4630 die
943 4562 1075 4630 antiken
1097 4564 1206 4644 Leser,
1227 4564 1286 4629 wie
1309 4564 1361 4630 die
