3167 5250
752 466 967 527 ..22-

232 633 506 718 Nachahmungen
542 635 639 701 Ovids
671 637 738 701 und
768 636 924 721 Spitterer
956 638 1075 720 zeigen.
1120 632 1252 704 Ἔοικεν
1282 632 1300 705 ὁ
1330 635 1481 722 ποιητὴς

232 737 459 824 συνάχθεσθαι
481 742 587 819 (schol.
612 740 647 804 B.
670 763 709 804 zu
731 740 808 807 llias
834 748 875 807 Ν.
900 744 1030 824 17800.)
1054 740 1132 805 oder
1154 746 1354 820 sympathiam
1373 752 1480 817 poeta

233 863 274 905 ea
294 864 352 907 sou
367 863 507 921 persono
530 844 605 917 sectr
620 846 725 926 (schol.
743 849 822 908 Duo.
838 867 877 908 zu
897 844 943 908 lx
966 846 1042 924 424)
1059 843 1168 908 wiirde
1192 865 1267 908 man
1291 844 1350 908 das
1366 842 1481 907 Ethos

136 944 140 954 '
232 945 323 1011 antik
356 945 576 1024 formulieren‚
610 966 649 1010 zu
680 947 795 1012 desseu
829 947 1021 1030 Steigerung
1057 947 1165 1028 Vergil
1201 945 1271 1011 sich
1307 947 1378 1010 hier
1412 946 1482 1010 der
1557 1009 1560 1015 .

234 1047 436 1132 Apostrophe
459 1051 578 1132 (Icaro)
601 1049 740 1115 bedieut.
784 1050 1004 1115 Nordenus
1034 1051 1175 1134 explicat
1200 1051 1301 1132 igitur
1321 1055 1481 1133 apostro-

232 1151 329 1235 pham
345 1152 401 1214 illo
417 1151 521 1227 modo,
538 1174 632 1234 quem
646 1153 752 1217 adhuc
765 1154 981 1236 cognovimus,
998 1157 1097 1236 atquc
1114 1175 1187 1217 eum
1202 1153 1265 1217 hoc
1281 1153 1395 1218 fecisse
1411 1175 1482 1217 suo

231 1255 303 1319 iure
332 1275 425 1318 nemo
454 1254 596 1337 negabit.
641 1256 759 1320 Omnes
784 1258 868 1320 enim
901 1257 1020 1320 scimus
1043 1263 1162 1320 sortem
1193 1257 1278 1320 Icari
1308 1256 1482 1320 infelicem

233 1363 266 1422 et
295 1357 502 1423 adulescente
529 1365 779 1423 commemorato
813 1367 943 1443 poetam
977 1361 1010 1423 iu
1044 1381 1222 1424 maerorem
1257 1381 1296 1424 ac
1325 1359 1483 1425 dolorem

232 1460 384 1525 incidisse
413 1466 512 1543 atque
535 1483 575 1525 ex
595 1462 657 1526 hoc
680 1462 800 1527 affectu
831 1462 1061 1546 apostropham
1094 1462 1268 1528 adscivisse
1298 1464 1483 1535 verisimile

233 1563 368 1628 videtur.
414 1564 477 1628 Sed
500 1566 627 1629 accedit
647 1566 736 1655 ¹aliud
759 1566 927 1631 hocloco:
950 1566 1003 1630 lac
1019 1567 1113 1645 enim,
1136 1587 1267 1648 quaeso,
1293 1567 1483 1648 Vergilium

233 1666 400 1750 enallagen
431 1688 589 1750 personae
619 1690 682 1731 nou
714 1668 916 1749 adhibuisse,
946 1675 1014 1733 turn
1047 1669 1217 1733 dicendum
1249 1668 1326 1734 fuit:
1359 1670 1484 1736 Icarus

233 1792 361 1853 quoque
391 1792 541 1853 magnam
570 1776 695 1854 partem
729 1772 764 1834 in
791 1777 882 1835 tanto
913 1793 1010 1854 opere
1040 1772 1185 1851 haberet,
1220 1773 1339 1837 sineret
1369 1774 1481 1839 dolor.

233 1875 343 1952 Quae
377 1874 504 1937 verba
539 1875 743 1957 quomodo
781 1875 917 1958 redigi
954 1877 1264 1959 potueruntne
1295 1882 1478 1941 metrum

231 1977 470 2042 heroicum?
515 1976 585 2041 Tali
607 1983 714 2042 autem
739 1978 931 2043 difficultate
954 1984 1068 2062 poetas
1091 1980 1308 2044 Romanorum
1340 1980 1478 2045 omuino

233 2080 406 2146 obstrictos
435 2078 534 2145 fuisse
557 2081 642 2145 inter
665 2103 776 2145 omnes
800 2088 943 2162 constat3
975 2083 1062 2146 velut
1084 2082 1220 2147 Weise
1243 2083 1276 2146 in
1298 2083 1390 2163 libre,
1414 2087 1478 2167 qui

233 2182 423 2249 inscribitur
439 2181 714 2248 ‘Charakteristik
730 2184 787 2248 der
810 2184 1022 2249 lateinisches
1038 2183 1191 2268 Spraohe’
1218 2187 1265 2250 sic
1286 2186 1411 2251 iudicat
1430 2188 1480 2253 de

233 2287 295 2351 hac
318 2288 407 2371 re¹):
446 2287 505 2350 Die
531 2287 721 2351 lateinische
746 2288 890 2370 Sprache
920 2310 986 2351 war
1018 2289 1069 2352 ein
1097 2289 1231 2373 spriides
1260 2288 1380 2367 Metall,
1410 2290 1482 2357 das

226 2412 294 2455 uur
315 2390 374 2454 mit
397 2389 494 2454 Miihe
516 2390 714 2454 verarbeitet
735 2392 863 2455 werden
880 2390 1009 2470 kouute,
1033 2391 1098 2455 und
1122 2392 1174 2457 die
1196 2392 1332 2456 Dichter
1354 2392 1478 2459 hatten

232 2492 448 2575 begriiudetes
479 2493 583 2556 Recht
611 2492 702 2571 dazu,
730 2494 762 2556 iu
786 2493 838 2557 die
866 2492 969 2577 Illage
1002 2495 1252 2574 auszubreoheu,
1281 2495 1333 2560 die
1356 2497 1388 2559 in
1412 2496 1478 2562 der

233 2596 381 2680 Legeude
413 2616 473 2660 von
495 2595 618 2661 Pilatus
647 2597 729 2662 iiber
759 2596 811 2661 die
842 2597 996 2663 deutsche
1027 2598 1171 2682 Sprache
1203 2599 1347 2666 erhebeu
1372 2601 1478 2669 wird:

232 2701 303 2765 ihre
326 2700 428 2765 Hiirte
450 2700 563 2764 mache
586 2701 632 2765 sie
648 2702 750 2785 weuig
773 2723 829 2765 zur
845 2702 957 2766 Poesie
980 2704 1138 2785 geeignet,
1163 2703 1244 2768 aber
1264 2726 1339 2768 man
1363 2710 1476 2771 miisse

234 2806 280 2870 sie
303 2803 485 2868 behandeln
509 2804 566 2875 wie
582 2805 683 2883 Stahl,
707 2805 764 2869 der
781 2805 840 2869 auf
862 2804 933 2869 dem
950 2805 1086 2870 Amboss
1109 2807 1327 2891 geschmeidig
1349 2809 1477 2891 werde,

233 2907 331 2972 Miihe
350 2907 415 2971 und
432 2892 554 2971 arbeit
569 2914 676 2973 miisse
698 2930 772 2972 man
795 2908 847 2972 ihr
862 2909 1006 2973 widmen.
1044 2910 1221 2993 Praecipue
1237 2917 1346 2975 autem
1362 2934 1488 3003 versa--

233 3010 353 3076 bantur
382 3011 414 3074 iu
447 3012 603 3093 angustiis
634 3018 750 3095 poetae
781 3013 815 3075 in
843 3018 973 3076 metro
1005 3013 1194 3095 heroico;
1228 3021 1360 3098 praeter
1389 3015 1477 3082 alios

233 3115 319 3178 viros
350 3112 462 3178 doctos
494 3136 597 3198 nuper
624 3117 778 3180 tractavit
806 3117 948 3199 perbene
959 3116 985 3199 2)
1009 3116 1048 3181 de
1072 3117 1133 3181 hac
1162 3139 1198 3183 10
1221 3118 1414 3184 Βο(10010
1437 3121 1476 3185 10

235 3218 512 3296 commentatione,
536 3240 632 3300 quam
655 3241 754 3302 supra
770 3220 874 3283 attuli.
909 3219 1032 3283 Multae
1055 3241 1149 3286 voces
1173 3222 1350 3286 abhorrent
1372 3221 1476 3306 plane

233 3343 370 3385 aversu
396 3321 554 3405 dactylico
582 3322 669 3386 velut
691 3344 757 3401 000,
788 3344 872 3405 0000
895 3325 1062 3387 continent
1083 3326 1237 3389 creticum
1259 3325 1303 3409 (h.
1326 3347 1351 3389 0.
1368 3334 1474 3411 -υ-).

233 3426 301 3489 Iam
324 3426 448 3508 respice
470 3446 590 3507 quaeso
613 3426 655 3489 ad
677 3426 855 3513 illaverba
886 3448 969 3509 quae
998 3434 1073 3491 0010
1105 3428 1217 3508 attuli,
1248 3430 1473 3497 nominativus

233 3533 354 3605 Icarus,
378 3529 439 3592 nisi
460 3530 585 3612 positus
608 3535 683 3594 ante
706 3529 849 3595 vocalem
874 3551 1000 3612 sempor
1026 3531 1162 3613 praebet
1183 3532 1324 3615 speciem
1347 3535 1474 3598 cretici.

234 3633 323 3710 Quae
345 3638 437 3696 tanta
459 3632 642 3712 difficultas,
672 3654 755 3716 quae
785 3654 844 3716 per
867 3632 1036 3716 enallagen
1058 3655 1152 3698 casus
1175 3636 1354 3720 (vocativus
1376 3642 1474 3703 Icorc

233 3741 337 3799 metro
351 3736 536 3818 aptissimus
550 3739 611 3819 est)
629 3737 794 3801 commode
807 3737 928 3801 evitata
941 3743 998 3801 est.
1022 3738 1156 3803 Accedit
1171 3739 1274 3804 aliud:
1290 3746 1396 3823 poeta,
1413 3743 1474 3823 qui

233 3840 398 3922 propriam
414 3860 524 3903 versus
535 3839 657 3904 heroici
669 3847 819 3904 naturam
832 3861 961 3904 servare
974 3840 1112 3919 volebat,
1127 3842 1161 3906 id
1174 3843 1304 3908 studere
1317 3843 1472 3925 debebat,

233 3950 270 4005 01
289 3943 322 4005 10
338 3943 451 4024 001010
472 3943 554 4025 pede
577 3965 684 4008 merus
708 3942 855 4028 dactylus
877 3946 981 4027 (wo)
1003 3951 1193 4028 poneretur,
1223 3947 1384 4030 spondeus
1406 3947 1473 4013 hoc

233 4045 306 4110 loco
324 4067 450 4129 semper
466 4048 597 4129 ponitur
613 4053 737 4111 tantum
755 4048 795 4112 de
812 4054 901 4111 certa
917 4048 1027 4131 aliqua
1043 4070 1148 4114 causa.
1172 4050 1209 4113 ln
1224 4057 1471 4132 pentametro

235 4149 331 4213 etiam
354 4151 550 4233 poscebatur
573 4150 719 4236 dactylus
742 4152 828 4216 etin
852 4159 968 4234 quarto
993 4154 1072 4216 etin
1089 4154 1200 4235 quinto
1222 4155 1314 4236 pede.
1346 4155 1472 4234 Quodsi

305 4411 347 4475 Δ1)
367 4408 408 4462 Of.
426 4428 452 4478 p.
473 4412 529 4477 106,
549 4413 571 4463 3.
586 4409 711 4478 Auflnge,
729 4409 847 4480 Leipzig
867 4413 940 4466 1905.

319 4497 346 4562 2)
366 4495 406 4548 ef.
425 4495 567 4549 Deutsche
586 4496 838 4566 Literaturzcitung
858 4502 931 4551 1907.
952 4502 990 4551 10.
1011 4499 1037 4552 S.
1051 4501 1109 4562 610,
1136 4500 1183 4552 ubi
1210 4498 1406 4553 Gleditsch
1432 4500 1469 4556 de

233 4582 286 4634 hoc
305 4580 398 4635 libello
417 4599 561 4636 censuram
581 4584 701 4651 scripsit.
