3167 5250
608 485 859 548 -3'1-v

97 647 190 716 Pont.
214 649 259 716 lV
285 655 412 734 10,51;
434 651 530 720 Trist.
552 653 584 720 11
606 658 677 721 399.
734 655 802 721 Art.
826 659 923 721 amat.
945 654 976 720 Il
999 658 1061 722 356
1093 656 1232 723 evitatur
1252 655 1335 722 dati·

96 776 157 819 vus
179 758 378 833 Laudamiae,
402 757 457 840 qni
480 779 521 822 ex
542 757 669 824 duobus
689 759 841 844 spondeis
864 765 1016 825 constans
1038 759 1072 824 in
1096 766 1333 844 pentametrum

97 879 162 922 non
192 858 341 943 quadrat.
394 860 535 940 Accedit,
566 862 652 946 quod
675 862 725 928 his
749 861 898 928 omnibus
920 862 999 928 locis
1021 884 1080 948 per
1102 864 1334 949 apostropham

98 961 233 1028 effeetus
256 969 305 1028 est
328 963 474 1049 dactylus
499 971 556 1030 aut
576 967 609 1033 in
632 966 745 1050 quinto
771 966 953 1032 hexametri
982 966 1065 1051 pede
1087 973 1144 1033 aut
1165 968 1198 1031 in
1222 968 1335 1051 quinta

96 1066 149 1130 vel
172 1071 289 1149 quarto
311 1069 515 1151 pentametri·
568 1069 722 1134 Similiter
744 1070 952 1135 iudicandum
986 1074 1035 1135 est
1057 1069 1097 1135 de
1118 1071 1334 1155 apostrophis‚

97 1191 181 1252 quas
203 1168 339 1253 legimus
362 1171 449 1237 Fast.
467 1172 513 1237 ΙΙΙ
536 1177 613 1253 72ος
636 1174 679 1239 IV
707 1178 781 1253 1733
804 1179 882 1254 4683
906 1174 932 1237 V
957 1179 1012 1254 163
1036 1176 1142 1239 Amor.
1160 1174 1206 1238 ΙΙΙ
1228 1179 1256 1253 6,
1270 1180 1334 1255 ·28;

98 1280 233 1355 6‚1ol;
275 1275 342 1338 Art.
367 1281 463 1340 amat.
487 1276 617 1356 114723
649 1277 796 1357 11s1913
828 1276 908 1341 Ibid.
933 1281 1014 1359 3623
1053 1277 1183 1342 Heroid.
1206 1277 1252 1342 lx
1276 1284 1334 1359 503

96 1377 141 1442 ad
163 1377 243 1443 talia
265 1378 412 1462 exempla
434 1385 618 1462 spectantes
639 1381 876 1446 consentiemus
900 1379 1000 1463 igitur
1022 1380 1190 1449 Kellero
1212 1378 1334 1445 dicenti

96 1481 118 1544 l.
149 1504 175 1546 a.
211 1504 242 1566 p.
272 1487 348 1547 187:
386 1481 526 1558 „Ferner
563 1482 672 1549 warde
713 1505 770 1548 zur
804 1482 1004 1567 (lewinnung
1040 1483 1128 1548 eines
1167 1482 1335 1568 Daktylus,

97 1584 296 1650 namentlich
317 1585 359 1648 im
385 1593 411 1649 l».
427 1585 507 1651 Fuss
529 1585 586 1651 des
610 1585 832 1664 Hexameters‚
862 1586 913 1651 die
934 1585 1134 1652 rhetorische
1156 1585 1255 1670 Figur
1276 1587 1335 1652 der

101 1687 305 1772 Apostrophe
334 1687 519 1771 (pliitzliche
547 1689 675 1755 Aurede
706 1691 795 1756 einer
825 1694 915 1755 sonst
944 1689 991 1755 als
1022 1689 1335 1774 Eratihlungsohjeht

96 1793 130 1855 in
163 1791 221 1858 der
252 1797 280 1856 3.
312 1790 432 1856 Person
463 1792 688 1857 aultreteuden
719 1793 854 1877 Persen)
892 1793 1030 1859 viellach
1058 1793 1269 1872 vermendet“‚
1302 1802 1336 1859 et

96 1900 228 1979 postea:
258 1895 337 1973 „Die
369 1895 504 1960 Dichter
534 1895 640 1961 haben
671 1896 739 1961 sich
770 1897 849 1962 aber
880 1896 931 1962 die
962 1896 1106 1962 Freiheit
1137 1917 1335 1980 genommen,

97 1998 182 2063 auch
215 1997 299 2064 ohne
331 1999 442 2063 inuare
475 1999 691 2083 Motivieruug
725 2000 805 2064 oder
836 2001 920 2068 doch
955 2000 1009 2065 bei
1042 2000 1117 2065 sehr
1150 2000 1336 2064 schwaeher

97 2103 228 2166 innerer
251 2101 463 2186 Motivieruug
493 2102 545 2168 die
571 2103 774 2189 Apostrophe
805 2126 844 2168 zu
878 2102 1083 2180 vermenden,
1115 2124 1167 2168 um
1199 2103 1251 2168 liir
1273 2103 1336 2168 deu

99 2213 128 2269 5.
153 2205 234 2270 Fuss
255 2205 312 2270 des
336 2205 547 2272 Hexameters
576 2208 669 2272 einen
692 2206 852 2291 Daktylus
875 2229 915 2271 zu
937 2207 1112 2272 erhalten“.
1166 2206 1338 2292 Dactylum

97 2310 131 2372 in
155 2309 343 2373 hexametro
366 2330 430 2373 nou
446 2309 549 2375 solum
569 2312 603 2375 iu
626 2310 738 2394 quinto
761 2310 843 2394 pede
861 2310 1059 2394 postulatum
1075 2331 1155 2389 esse,
1179 2310 1235 2375 sed
1256 2310 1338 2375 illud

98 2413 199 2477 luisse
228 2413 393 2496 proprium
426 2413 521 2478 huius
553 2416 647 2479 metri
672 2415 801 2479 omnino
830 2436 889 2498 per
918 2435 1025 2479 meros
1048 2413 1194 2498 dactylos
1215 2413 1338 2497 liquide

97 2515 261 2601 profluere
290 2538 383 2580 nemo
413 2518 524 2582 nescit.
577 2517 692 2600 Itaque
715 2523 855 2602 apparet
877 2517 1025 2583 Ovidium
1057 2516 1232 2583 adscivisse
1259 2538 1337 2600 apc-

99 2620 277 2706 stropham,
301 2628 337 2685 ut
359 2619 523 2706 dactylum
545 2621 577 2686 in
600 2621 696 2687 tertio
714 2621 798 2706 pede
821 2627 948 2687 crearet
969 2623 1119 2687 inversu
1141 2621 1194 2705 qni
1218 2621 1338 2705 legitur

100 2725 175 2788 Met.
199 2724 275 2789 Xlll
300 2730 377 2790 927:
408 2731 489 2802 Quas
510 2746 608 2805 neque
631 2731 816 2805 aaralperae
838 2747 942 2789 morsa
964 2731 1083 2789 laesere
1104 2730 1251 2789 iuuencae
1274 2731 1337 2789 Nec

92 2834 243 2908 placidae
265 2834 492 2907 carpsistis
512 2850 603 2893 oues
626 2835 764 2893 hirtaeve
786 2835 933 2908 capellae.

187 2930 308 3011 Quodsi
320 2931 461 2996 omnium
477 2932 540 2996 hae
551 2931 758 3016 paragrapho
774 2931 947 2998 allatorum
962 2931 1105 2996 locorum
1118 2931 1336 3015 apostrophas

100 3058 141 3100 ex
166 3055 253 3099 mere
284 3035 419 3100 metrica
449 3035 575 3100 ratione
606 3035 854 3120 explicavimus,
882 3035 944 3099 hoc
973 3041 1022 3100 est
1052 3034 1239 3099 dicendum:
1270 3035 1338 3099 hic

99 3139 293 3223 ponenda
316 3137 1338 3223 estenallagecasusvelpersonaeinteriiguras

100 3243 418 3327 grammaticas,
448 3242 600 3326 quibus
626 3265 735 3308 sensas
764 3264 825 3307 aaa
855 3253 999 3321 mutatur,
1022 3264 1125 3308 ceram
1154 3243 1256 3317 stirme
1278 3248 1337 3307 elo-

100 3352 222 3428 quendi.
277 3347 361 3425 Quid
395 3368 472 3411 vero
504 3345 544 3411 de
577 3346 639 3411 hoc
674 3345 893 3431 apostrophae
927 3367 989 3410 usu
1022 3345 1230 3410 indicandum
1265 3349 1337 3409 est?

99 3452 201 3516 Estne
222 3449 307 3516 idem
328 3456 481 3515 laeander
502 3471 577 3515 acar
599 3455 699 3533 atque
720 3450 753 3514 in
774 3448 938 3533 prioribus
962 3449 1126 3532 exemplis,
1154 3447 1209 3513 ubi
1231 3448 1338 3532 figura

99 3576 141 3619 ex
157 3552 277 3619 affectu
293 3561 366 3618 orta
382 3552 575 3618 videbatur?
626 3552 758 3618 Minime
773 3574 859 3618 vero.
904 3553 938 3618 Si
954 3553 1079 3617 aversio
1093 3551 1132 3616 fit
1146 3552 1179 3615 in
1194 3551 1337 3635 aliquam

99 3678 284 3742 personam,
307 3678 388 3740 opus
411 3662 461 3721 est
480 3656 564 3722 hanc
585 3678 757 3741 personam
780 3655 903 3739 aliquid
925 3657 959 3720 in
982 3677 1016 3720 se
1039 3655 1134 3734 ferre,
1158 3676 1222 3739 quc
1238 3656 1337 3720 animi

99 3761 212 3845 aliquo
233 3761 327 3826 modo
344 3765 541 3825 moveantur.
585 3761 650 3826 Ubi
666 3782 719 3827 res
733 3760 781 3825 ita
804 3781 838 3825 se
855 3781 917 3825 uon
933 3759 1042 3839 habet,
1057 3780 1121 3824 non
1137 3758 1337 3824 delectamur

98 3886 160 3950 per
182 3865 422 3949 apostropham,
443 3864 497 3931 sed
522 3863 730 3945 offendimur3
757 3864 861 3929 talis
885 3862 1150 3947 apostropha
1172 3884 1252 3926 non
1275 3868 1337 3926 est

99 3990 173 4033 suo
188 3968 289 4047 loco,
305 3968 480 4053 delapsa
499 3989 519 4033 a
538 3989 633 4033 vera
653 3968 899 4034 condicione
915 3966 1018 4031 nihil
1039 3972 1102 4032 est
1117 3966 1198 4030 nisi
1214 3965 1336 4030 fucus

98 4077 174 4151 aut,
203 4079 240 4136 ut
263 4071 341 4136 dicit
363 4071 504 4137 Koene
525 4070 545 4136 l.
563 4093 588 4136 c.
604 4095 634 4156 p.
652 4077 709 4137 31:
744 4070 966 4149 Flitterstaat,
996 4070 1054 4135 der
1079 4070 1198 4135 bittere
1222 4072 1338 4133 Armut

98 4175 253 4258 verbirgt.
911 4171 914 4177 ’

188 4278 221 4343 Si
251 4279 307 4344 illa
337 4279 501 4362 exempla,
531 4300 614 4362 quae
648 4278 755 4342 adhuc
785 4278 848 4342 hae
874 4276 1081 4363 paragrapho
1109 4274 1221 4355 attuli,
1253 4276 1337 4341 vitu-¹

97 4383 267 4467 peraticne
283 4383 380 4466 digua
404 4390 437 4447 et
455 4382 671 4467 improbanda
693 4387 776 4462 sunt,
797 4403 901 4465 paene
920 4380 1091 4448 ridiculum
1107 4378 1244 4459 videtur,
1263 4400 1335 4444 cum

98 4506 206 4551 sermo
228 4487 365 4551 vertitur
388 4486 429 4550 ad
459 4508 526 4551 res
555 4484 756 4569 quasdam
786 4485 997 4550 inanimae
1018 4484 1085 4547 vel
1113 4483 1336 4548 abstracta

98 4588 159 4654 tali
189 4587 277 4670 loco,
308 4589 363 4673 qui
396 4590 482 4653 omni
510 4590 664 4653 interiore
694 4589 724 4653 vi
758 4593 856 4653 caret.
906 4590 955 4653 An
984 4584 1143 4652 iudicabis
1172 4585 1267 4652 aliter
1283 4585 1335 4651 'de
