3167 5250
769 472 985 539 ...10-

260 667 359 735 γεααι
389 666 447 711 nec
473 651 568 725 fidam
599 646 716 723 sanita
745 666 864 711 nomen.
915 643 985 710 Hae
1007 642 1271 710 *exclamationes
1305 647 1380 708 sunt
1415 662 1496 727 apo·

261 750 432 834 strophae;
461 771 566 815 sermo
596 750 689 841 euim,
718 755 754 815 ut
774 748 845 815 illis
867 748 1092 828 Quintiliaueis
1118 752 1202 825 utar,
1234 752 1423 812 conuertitur
1450 753 1499 812 od

260 859 479 921 invocationem
494 859 627 933 aliquem
642 864 672 917 et
695 854 875 918 inololiosom
889 856 1138 932 implorationem.
1159 890 1203 898 -
1224 855 1288 916 Sed
1305 856 1359 916 illo
1374 872 1497 930 qaoque

261 968 387 1025 vocator
410 963 540 1034 aversio,
570 956 618 1021 sic
640 954 776 1039 legimus
799 955 855 1020 illo
879 954 1068 1036 Quintiliani
1086 955 1170 1034 loco,
1193 976 1273 1034 ηααε
1295 959 1498 1033 oproporito
1575 960 1576 1013 ὲ

261 1065 438 1140 qnoestlone-
460 1064 585 1125 abdant
603 1064 786 1125 audientem,
832 1061 903 1139 Qua
933 1080 1005 1124 cum
1036 1057 1236 1142 apostropha
1257 1077 1321 1123 nou
1343 1059 1498 1122 coniunc-

260 1169 329 1228 tum
352 1167 410 1241 eet,
433 1163 521 1247 quod
542 1183 681 1246 persona
704 1162 814 1246 aliqua
839 1161 889 1227 vel
911 1183 963 1227 res
987 1160 1280 1245 cunipellatur.
1318 1161 1390 1226 Huc
1405 1160 1499 1225 cadit
1575 1230 1576 1235 .

261 1268 329 1331 sine
350 1266 459 1345 dubio,
482 1265 570 1350 quod
591 1265 698 1331 Alex.
719 1265 801 1345 loco,
824 1286 919 1349 quem
941 1286 1041 1350 supra
1064 1264 1269 1348 cognovimus
1291 1263 1497 1348 (Spengel.

259 1370 306 1435 111
329 1391 359 1453 p.
377 1375 416 1434 23
427 1370 488 1454 sq.)
511 1368 603 1434 addit
624 1368 722 1435 haec:
745 1374 873 1455 γίνεται
894 1365 967 1454 dii]
988 1364 1187 1454 άκοοτροφὴ
1204 1369 1262 1435 καὶ
1282 1364 1363 1436 ὅταν
1382 1363 1498 1434 ἄλλων
1575 1438 1576 1457 2

260 1472 526 1560 μνημονεύοντες
551 1470 593 1553 ὡς
615 1473 814 1560 δυναμένων
835 1468 939 1539 ταύτὰ
962 1481 1095 1557 ποιησαι
1117 1470 1259 1552 τούτοις,
1281 1473 1356 1557 περὶ
1382 1461 1429 1538 o‘m
1450 1468 1500 1538 div
1575 1466 1576 1553 l

258 1575 473 1663 ποιησώμεθα
496 1576 557 1644 τὸν
586 1575 698 1663 λόγον,
727 1574 773 1662 μὴ
805 1575 1035 1662 πεποιηκότων
1058 1575 1106 1656 δι’,
1138 1572 1208 1642 εἶτα
1238 1571 1278 1642 δι’
1303 1570 1417 1643 αὐτῶν
1438 1576 1500 1642 καὶ
1575 1638 1576 1641 ,

261 1678 512 1765 καθαττώμεθα
545 1686 612 1747 τῶν
640 1675 831 1759 ἀντιδίκων,
862 1676 904 1758 ὡς
931 1677 1154 1764 Λημοσθένης
1177 1677 1217 1745 τά
1251 1676 1317 1746 ὑπὸ
1346 1681 1500 1745 Μειδίου
1575 1754 1576 1761 ,

260 1782 423 1869 γεγονότα
455 1780 660 1869 βουλόμενος
689 1781 878 1867 διαβάλλειν
915 1781 1082 1867 διαβάλλει
1116 1779 1156 1848 τὰ
1188 1783 1264 1866 περὶ
1291 1777 1499 1867 Ἰφικράτην,

260 1891 389 1966 ,καίτοι
418 1887 521 1971 φασὶν
549 1882 742 1972 Ἰφικράτην
777 1886 857 1953 κοτὲ
896 1885 1025 1953 ἐκεῖνον
1054 1890 1192 1952 Διοκλεῖ
1226 1893 1273 1972 τῷ
1303 1891 1426 1952 Πιτθεῖ
1453 1882 1500 1951 τὰ

260 1990 400 2074 μάλιστα
424 1990 537 2057 ἐλθεῖν
562 1991 607 2068 εἰς
630 1989 764 2074 ἔχθραν,
789 1989 844 2055 καὶ
867 1988 915 2056 ἔτι
936 1987 1019 2073 πρὸς
1043 1989 1151 2078 τούτῳ
1175 1992 1351 2074 συμβῆναι,
1378 1991 1501 2054 Τισίαν
1575 2068 1576 2077 ¹

260 2090 320 2161 τὸν
354 2088 503 2177 άδελφὸν
533 2091 593 2161 τὸν
619 2088 828 2176 Ἰφικράτους
866 2088 1124 2178 ἀντιχορηγῆσαι
1159 2100 1205 2180 τῷ
1237 2096 1388 2159 Διοκλεῖ·
1423 2087 1496 2158 ἀλλ’
1575 2088 1576 2095 ¹

259 2194 348 2282 ὅμως
378 2195 522 2276 πολλοὺς
551 2196 635 2282 ἔχων
660 2195 868 2282 Ἰφικράτης“
898 2196 953 2262 καὶ
981 2192 1022 2261 τά
1051 2195 1133 2281 ἑξῆς,
1162 2191 1245 2275 ,οὐκ
1269 2193 1418 2280 ἐβάδιζεν
1440 2195 1499 2263 ἐπὶ

260 2298 317 2380 τάς
339 2306 407 2368 τῶν
421 2298 614 2385 χρυσοχόων
637 2301 742 2377 οἰκίας
763 2297 907 2383 νύκτωρ,
930 2295 1008 2366 οὐδὲ
1030 2297 1240 2385 κατερρήγνν
1261 2296 1301 2365 τὰ
1320 2314 1500 2365 κατεσκευ-

260 2403 385 2489 ασμένα
407 2402 517 2487 ἱμάτια
540 2402 573 2481 ἐς
594 2400 656 2488 τὴν
678 2398 819 2487 ἑορτὴνα
842 2402 897 2467 καὶ
920 2399 959 2467 τά
982 2400 1062 2486 ἑξῆς.
1105 2399 1167 2465 Hic
1189 2421 1287 2484 porro
1310 2400 1500 2466 afferendus

261 2503 312 2571 est
334 2506 559 2588 Longinus,
591 2505 647 2588 qui
673 2504 736 2569 hoc
765 2526 835 2569 esse
864 2504 1045 2587 exemplum
1068 2504 1287 2588 apostrophon
1309 2503 1405 2569 dicit:
1432 2501 1500 2573 οὐκ

260 2610 359 2691 ἔστιν,
388 2606 477 2689 ὅπως
507 2606 676 2696 ἡμάρτετε,
708 2607 753 2695 μά
776 2606 856 2689 τοὺς
885 2608 948 2694 [ἐν]
978 2596 1170 2694 Μαραθῶνι
1192 2605 1499 2693 προκινδυνεύσαν-

261 2740 318 2794 τας
340 2713 394 2796 (cf.
418 2711 603 2797 Spengel.
626 2714 641 2778 1
663 2734 693 2796 p.
711 2713 797 2796 267).
963 2719 964 2722 ’

346 2816 538 2899 Priusquam
568 2815 664 2881 huius
692 2815 892 2899 paragraphi
917 2814 1012 2881 finem
1042 2815 1136 2895 lanio,
1166 2836 1206 2880 ne
1238 2836 1318 2899 quos
1345 2816 1499 2882 omittam

259 2921 347 2984 locos
378 2919 495 3003 quibus
527 2920 646 2984 mentio
677 2918 714 2983 fit
744 2918 877 3002 figurae,
920 2917 1021 2983 affero
1053 2939 1299 3003 anonymum
1333 2918 1500 3002 quendam

261 3023 315 3106 (cf.
339 3022 526 3106 Spengel.
549 3023 596 3087 ΙΙΙ
622 3027 698 3103 1233
726 3023 800 3106 178)
823 3028 856 3086 et
874 3022 1077 3087 Zonaeum
1100 3021 1306 3106 (Spengel.
1328 3021 1375 3086 111
1402 3027 1500 3108 163);

262 3149 335 3191 cum
367 3147 442 3191 vero
477 3126 679 3191 definitiones
713 3146 824 3191 eorum
861 3124 1067 3209 amplissimis
1098 3126 1131 3189 in
1167 3124 1286 3189 finibus
1316 3133 1500 3204 versentur,

263 3231 411 3315 exempla
434 3251 544 3295 eorum
565 3229 684 3313 partim
701 3235 855 3313 corrupta
871 3231 944 3307 sint,
967 3230 1086 3313 partim
1102 3228 1182 3293 nihil
1196 3229 1385 3312 praebeant,
1407 3232 1501 3313 quod

200 3341 207 3350 '
261 3356 281 3399 a
309 3333 493 3419 praeceptis
522 3332 719 3416 reliquorum
748 3332 915 3397 rhetorum
945 3337 1020 3397 ante
1049 3332 1158 3397 allatis
1188 3331 1344 3411 discedat,
1375 3331 1415 3398 de
1444 3333 1501 3399 his

156 3430 158 3433 ’
260 3437 341 3502 nihil
364 3437 545 3528 addendum
567 3457 637 3501 esse
658 3435 738 3501 mihi
759 3435 896 3501 videtur.

346 3596 364 3679 ᾗ
387 3599 416 3659 3.
460 3576 668 3658 Intendamus
689 3592 789 3675 igitur
812 3591 936 3656 animos
958 3591 1000 3656 ad
1024 3591 1163 3656 alterum
1192 3590 1299 3655 locum
1323 3591 1501 3669 Quinti-

261 3699 384 3777 liani,
406 3697 463 3762 ubi
478 3697 555 3761 itam
571 3695 670 3760 verba
685 3695 767 3760 fiunt
782 3695 823 3760 de
839 3695 1055 3779 apostropha;
1079 3695 1124 3759 IX
1147 3701 1176 3773 3,
1193 3700 1233 3759 23
1257 3695 1351 3772 enim,
1373 3694 1500 3776 rhetor,

261 3806 434 3885 postquam
468 3799 533 3883 egit
567 3800 606 3864 de
636 3799 753 3882 figuris
787 3799 982 3883 quibusdam
1015 3799 1251 3882 grammaticis,
1290 3799 1397 3888 addit:
1442 3804 1501 3864 illo

254 3907 380 3984 ‘qnoque
401 3925 441 3968 eoo
456 3910 560 3968 eodem
581 3923 696 3983 penore
714 3914 846 3982 possunt
867 3908 976 3979 rideri,
1000 3909 1098 3986 atque
1120 3903 1259 3988 primum
1282 3902 1379 3967 affert
1401 3908 1500 3967 inter-

258 4013 439 4087 positionem
458 4013 506 4071 ool
525 4012 781 4084 interclusionem,
804 4012 886 4085 qnod
903 4011 1016 4071 Gracci
1037 4007 1247 4092 ταρένθεοιν,
1260 4007 1502 4093 sanctaenon

261 4122 379 4188 vocant,
407 4116 476 4176 tum
504 4129 597 4175 vero:
627 4117 765 4188 alteram,
795 4110 909 4193 iuquit,
940 4116 1023 4190 qnod
1051 4121 1096 4175 est
1126 4115 1191 4175 eius
1211 4118 1342 4191 fipmroe
1375 4120 1500 4174 senten-

262 4221 383 4293 tiarum,
421 4236 500 4295 qnae
533 4211 732 4300 ἀποστροφὴ
764 4219 888 4291 dicitnr,
925 4219 1031 4291 simile,
1066 4222 1123 4280 soll
1154 4236 1215 4279 non
1247 4236 1369 4279 sensam
1399 4224 1501 4279 marlot

261 4340 365 4384 oermm
386 4321 516 4395 formam
539 4323 700 4398 eloquendi
706 4342 716 4382 :

438 4462 558 4534 Derim,
582 4462 699 4522 Marios
720 4479 908 4538 magnosque
935 4461 1084 4534 Camillos,

439 4566 602 4644 Scopiorlos
625 4567 719 4625 duros
743 4564 819 4625 tello
842 4571 871 4625 et
893 4570 931 4639 te,
953 4567 1084 4626 manime
1111 4564 1233 4626 Caesar.
