3167 5250
659 448 866 515 ...7-

151 610 237 691 ‘1869
250 623 292 708 1);
314 621 398 693 hanc
418 638 494 690 vero
515 622 680 689 erroribus
701 642 765 690 nnn
788 643 900 689 cerere
919 628 1034 708 postea
1056 644 1239 708 cognosces.
1276 625 1313 691 ln
1332 624 1389 691 illa

123 781 125 786 .
152 727 328 794 Frankii
354 728 624 793 commentatione
654 749 751 811 qnam
774 746 875 812 supra
894 728 993 793 attuli
1015 729 1097 812 legis
1107 729 1152 811 2);
1189 730 1388 814 nantonense

152 842 278 897 coeatur
301 838 588 912 macenniacum
605 842 701 911 poeta
723 836 918 897 narratione·
936 837 1112 912 interrupta
1134 837 1201 912 ipse
1217 854 1389 912 personam

153 952 232 1015 quae
253 941 317 1014 neit
338 943 387 1000 oct
406 942 539 1014 tenentes
562 940 737 1015 alloquitur.
782 934 876 1000 Unde
899 933 984 1000 hanc
999 934 1218 1001 definitionem
1240 936 1388 1001 hauserit

150 1039 201 1102 nir
224 1038 423 1103 doctnsnon
446 1037 552 1119 addit3
580 1043 818 1103 veterescente
841 1037 936 1102 aliter
966 1038 1164 1115 intellexisse
1185 1039 1389 1124 παρένθεσιν

151 1143 244 1206 inter
260 1162 370 1207 omnes
393 1141 567 1224 consum).
613 1143 702 1220 Quae
729 1163 801 1206 cum
827 1141 875 1205 ite
897 1140 970 1220 sint,
1003 1163 1067 1207 non
1088 1156 1236 1208 veremur
1257 1164 1298 1208 ne
1320 1148 1389 1208 rom
1504 1170 1506 1173 ·

152 1250 259 1310 actam
281 1265 424 1327 agamus,
458 1246 485 1310 si
507 1267 528 1310 a
548 1244 733 1329 praeceptis
755 1251 901 1310 veteram
927 1246 1033 1311 exorsi
1054 1250 1156 1311 totam
1179 1245 1263 1310 hane
1289 1256 1387 1330 quae-

150 1348 288 1413 stionem
310 1348 351 1414 de
372 1349 497 1431 integro
520 1353 663 1413 tractare
685 1348 884 1414 conabimur.
1005 1356 1007 1360 '

236 1472 305 1554 §2
351 1469 530 1553 Aptissima
554 1484 627 1534 mea
656 1469 785 1552 quidem
817 1471 977 1536 sententie
1006 1470 1249 1555 proficiscemur
1275 1471 1317 1534 ab
1340 1490 1388 1550 eo,

153 1572 209 1656 qni
239 1572 437 1656 provinciam
472 1574 690 1658 apostrophen
722 1594 772 1638 me
803 1573 933 1657 quidem
965 1573 1071 1639 indice
1101 1574 1221 1658 optime
1253 1573 1388 1638 circum·

153 1676 292 1760 scripsit,
321 1699 342 1742 n
364 1677 645 1755 Quintiliano.
696 1678 728 1742 Is
759 1678 844 1742 enim
872 1677 892 1741 l.
920 1666 967 1742 IX
994 1682 1023 1756 2,
1047 1682 1182 1755 38-39,
1215 1682 1387 1761 postquem

152 1780 235 1843 dixit
264 1779 304 1844 de
336 1780 510 1845 nonnullis.
532 1779 644 1863 figuris
674 1781 925 1847 sententiarum:
959 1802 1086 1846 aversus
1117 1802 1244 1860 quoque,
1274 1781 1388 1863 inquit,

152 1905 172 1948 a
194 1888 296 1948 iudice
317 1905 425 1963 sermo,
449 1890 501 1962 qui
523 1888 636 1948 dicitur
656 1883 866 1970 ἀποστροφή,
887 1890 964 1949 mire
980 1894 1085 1961 meoet,
1106 1889 1170 1948 siue
1190 1870 1388 1948 aduersarios
1474 1888 1478 1896 '

152 1991 340 2052 invadimus:
371 1992 446 2067 quiet
468 1993 546 2052 enim
568 1998 645 2052 ,tuns
667 1992 728 2065 ille,
761 1992 891 2065 Tubero,
923 1994 955 2051 in
985 1993 1052 2052 acie
1075 1985 1296 2069 marsanam)
1326 1992 1389 2051 sire

149 2097 196 2163 ¹aa
224 2096 442 2155 invocationem
470 2095 604 2171 aliquam
634 2097 855 2156 conuertimur:
884 2090 953 2156 ‘uos
983 2097 1060 2155 enim
1092 2097 1151 2154 iam
1182 2111 1248 2169 eno,
1279 2093 1389 2154 Albani

152 2199 257 2258 tumuli
288 2204 380 2273 atque
403 2190 480 2259 luci'
493 2193 536 2277 ⁶);
575 2199 638 2258 siue
671 2200 715 2259 aa
744 2200 924 2259 invidiosam
956 2200 1216 2273 implorationem:
1245 2191 1277 2257 ‘0
1306 2199 1388 2272 leues

152 2302 283 2362 Porciae
310 2304 452 2377 lenesque
476 2295 707 2377 'Semproniam’
721 2298 749 2381 6)
784 2305 841 2362 sed
868 2303 923 2362 illa
953 2319 1072 2377 quoque
1101 2307 1228 2361 uocatur
1258 2302 1388 2373 aversio,

152 2422 231 2481 quac
253 2422 273 2465 a
289 2406 453 2481 proposita
474 2406 651 2480 quaestione
673 2406 799 2466 abducit
815 2406 1007 2465 audientem:
1031 2406 1097 2465 Non
1113 2422 1169 2480 eoo
1188 2420 1254 2464 cum
1273 2403 1388 2464 Danais

156 2508 318 2570 Troianam
346 2509 515 2568 excindere
540 2494 793 2582 nentem'luuae
824 2510 924 2569 iuravi
945 2504 1034 2585 -⁷),
1072 2510 1155 2584 quad
1173 2512 1211 2581 fit
1232 2514 1260 2567 et
1281 2509 1386 2566 'multis

152 2618 182 2673 et
203 2612 298 2674 uariis
323 2613 445 2689 tauris,
475 2629 542 2673 cum
564 2618 618 2673 aut
639 2613 727 2673 aliud
756 2619 954 2687 exspectasse
983 2630 1038 2672 nos
1055 2619 1119 2673 vaaa
1143 2612 1245 2673 'maius
1271 2612 1390 2687 aliquid

151 2718 286 2777 timuisse
307 2717 481 2777 simulamus
502 2712 556 2776 aut
571 2717 646 2791 ptus
668 2717 767 2777 uideri
781 2734 878 2792 posse
900 2717 1122 2791 temerantibus,
1146 2718 1237 2791 quate
1253 2721 1298 2775 est
1312 2731 1387 2789 pro-

151 2822 277 2881 oemium
292 2837 355 2896 pro
384 2820 494 2881 Caelio.

237 2919 360 2985 Nomen
380 2919 481 3003 igitur
501 2918 625 3002 figurae
655 2920 746 2984 euius
778 2920 826 2984 vis
858 2919 892 2983 in
926 2920 1055 2984 nomine
1091 2919 1163 3002 ip'so
1198 2917 1306 3001 posite
1336 2921 1387 2981 est

153 3024 286 3088 eversio.
324 3022 418 3087 Unde
441 3028 637 3106 verantque
660 3042 723 3105 qno
747 3022 928 3088 evomitur?
970 3025 994 3086 Α
1018 3021 1124 3086 indice
1146 3021 1188 3085 ad
1213 3035 1384 3104 personam

151 3127 294 3211 aliquam
325 3133 383 3191 aut
411 3147 489 3205 rem,
525 3131 562 3191 nt
599 3125 743 3190 definitio
773 3132 808 3191 et
839 3126 987 3211 exempla
1015 3124 1233 3205 Quintilianea
1261 3124 1386 3189 donent.

152 3233 258 3315 'Atque
282 3251 346 3314 qno
370 3230 465 3295 modo
495 3229 533 3294 fit
560 3229 636 3294 talis
664 3230 811 3295 eversio?
856 3230 1074 3309 Quintilianus
1106 3221 1218 3293 attulit
1246 3227 1387 3312 primum

151 3335 217 3399 trie
238 3347 357 3418 genera
379 3327 614 3417 exemplorum
636 3353 719 3416 quae
742 3333 828 3398 inter
851 3355 886 3398 se
908 3334 1084 3398 cohaerent
1105 3333 1162 3411 ite,
1190 3337 1227 3396 nt
1247 3351 1388 3415 persone

151 3437 201 3502 sel
224 3459 285 3516 res,
312 3438 347 3502 in
371 3458 468 3520 quam
492 3457 596 3501 sermo
619 3436 799 3518 evomitum·
819 3458 878 3521 per
906 3436 1137 3520 apostropham
1168 3433 1389 3518 compelletur,

151 3547 215 3606 siue
237 3547 315 3606 enim
337 3547 535 3606 aduersarios
565 3546 745 3618 invadimus,
774 3546 903 3605 siue-ad
922 3545 1140 3605 invocationem
1163 3544 1297 3618 aliquam
1319 3558 1388 3602 eon-

152 3649 297 3709 uertimur
319 3651 382 3709 siae
404 3653 447 3710 aa
468 3649 647 3709 inuidiosam
670 3637 919 3725 implorationem.
964 3643 1053 3708 Idem
1084 3642 1169 3726 quod
1202 3635 1256 3705 hic
1277 3640 1389 3705 rhetor

151 3747 215 3813 illis
243 3748 356 3832 paucis
377 3748 482 3812 verbis
498 3747 581 3813 dixit
602 3747 720 3830 reliqui
742 3747 892 3812 rhetores
908 3746 1387 3811 Grae001·umetRomanorom

152 3869 192 3915 ex
219 3859 313 3934 parte
342 3851 508 3915 verbosius
542 3851 873 3935 circumscripserunt.
930 3850 983 3915 Sic
1016 3851 1100 3915 enim
1132 3849 1268 3932 legimns
1301 3846 1388 3931 apud

238 4059 471 4127 Dffloffim

237 4146 265 4212 2)
284 4144 355 4199 Vide
374 4164 400 4214 p.
420 4148 461 4199 35.

237 4233 264 4298 3)
281 4230 325 4284 De
342 4232 395 4285 hnc
413 4232 501 4301 figure
518 4232 552 4285 cf.
572 4230 686 4300 Quintil.
705 4229 750 4284 IX
767 4231 817 4299 23;
839 4230 1047 4285 Volkmann.
1067 4230 1085 4283 l.
1104 4248 1124 4283 s.
1137 4247 1157 4283 s.
1176 4247 1204 4298 p.
1215 4230 1267 4282 437
1277 4246 1317 4296 eq.

236 4319 264 4384 4)
283 4317 324 4372 cf.
344 4318 401 4371 oie.
420 4336 472 4388 pro
489 4317 552 4387 [rig.
571 4321 595 4371 3.

237 4404 266 4471 5)
284 4403 326 4457 (tf.
345 4403 402 4458 cio.
421 4421 472 4473 pro
490 4403 550 4457 Mil.
569 4407 610 4457 31.

237 4489 264 4557 6)
283 4489 324 4544 Of.
344 4489 402 4544 Oic.
420 4490 500 4544 Verr.
520 4489 547 4545 V
565 4491 606 4544 63.

237 4577 265 4643 7)
282 4575 323 4631 of.
343 4576 414 4630 Aen.
433 4576 478 4631 IV
494 4577 546 4631 425
556 4594 595 4645 sq.
