3167 5250
626 474 885 565 ..19-ι

115 636 247 726 capaci]
269 635 296 708 δ’
314 639 413 720 ἔστιν
444 641 558 724 iuquit,
587 638 669 710 όταν
690 640 871 726 πρόσωπον
893 642 1009 726 ἕτερον
1030 639 1110 712 ἀνθ’
1129 642 1245 729 ἑτέρον
1266 645 1348 712 αλιι·

119 742 241 830 ώχιεθα,
265 739 340 830 ἢτοι
359 742 532 829 πραΰνειν,
554 743 576 831 ἢ
597 744 802 831 ἐποτρύνειν
815 746 997 842 ἐθέλοντες,
1022 745 1065 827 ὡς
1087 745 1106 816 ὁ
1129 747 1283 834 παντός’

263 860 408 952 Ἀτρείδη
433 892 499 933 ννν
520 864 563 952 δή
584 884 619 934 σε
637 863 721 948 ἅναξ
745 867 920 935 ἐθέλουσιν
931 864 1050 955 Ἀχαιοὶ

264 977 373 1036 πᾶσιν
387 969 573 1056 ἐλέγχιστον
595 970 733 1057 θέμεναι
753 969 933 1057 μερόπεσσι
954 976 1133 1058 βροτοῖσιν.

267 1068 345 1140 οὐδέ
368 1095 400 1139 τι
422 1073 628 1141 ἐκτελέουσιν
650 1072 836 1160 ὑπόσχεσιν,
862 1072 964 1161 ἥνπερ
988 1073 1135 1144 ὑπέσταν
1148 1076 1181 1159 ¹).

118 1193 188 1288 ἐπεὶ
214 1192 277 1278 γὰρ
308 1189 480 1281 ἀπότομον
503 1184 546 1281 ἦν
567 1196 685 1281 λέγειν,
717 1185 893 1282 ὦἏχαιολ,
927 1193 1038 1265 ἄδικοί
1068 1197 1150 1274 ἐστι,
1179 1195 1262 1282 πρὸς
1291 1196 1351 1265 τὸν

117 1297 251 1383 βασιλέα
271 1292 333 1365 οὐκ
349 1297 521 1383 ἐθέλοντες
536 1296 680 1366 ἐκτελεῖν
695 1295 786 1389 αὐτῷ
803 1299 860 1391 τὰς
875 1297 1076 1387 ὑποσχέσεις,
1098 1299 1351 1388 μετεσχημάτισε

118 1398 180 1468 τὸν
206 1400 308 1485 λόγον
336 1399 419 1486 πρὸς
448 1398 554 1469 αὑτὸν
583 1400 644 1470 τὸν
665 1399 897 1491 Ἀγαμέμνονα.
942 1405 1043 1469 Recte
1073 1409 1182 1469 monet
1213 1403 1352 1469 Mense

118 1504 152 1589 (l.
176 1527 247 1571 ss.
269 1527 300 1589 p.
327 1505 382 1588 21)
418 1504 658 1572 Herodiano
694 1505 797 1571 videri
830 1507 1064 1573 Alexandri
1105 1513 1216 1574 notam
1254 1507 1353 1574 fuisse

118 1608 336 1674 definitionem
368 1613 401 1674 ot
430 1610 586 1694 exempla,
619 1632 691 1675 curn
721 1611 834 1677 eadem
865 1612 990 1678 ratione
1020 1611 1185 1697 describat
1215 1611 1353 1695 figuram

121 1712 299 1796 eodemque
315 1717 428 1779 utatur
444 1713 591 1798 exemplo
614 1715 667 1798 (cf.
691 1714 778 1799 apud
799 1712 988 1800 Spengel.
1010 1716 1057 1781 lll
1079 1738 1109 1800 p.
1127 1717 1191 1800 26).
1223 1717 1354 1783 Summo

119 1817 190 1881 iure
210 1816 366 1895 rhetores,
393 1838 475 1901 quos
504 1822 668 1901 postremo
691 1818 768 1898 dixi,
799 1818 956 1890 addentes
982 1819 1063 1888 illud
1086 1819 1219 1885 Homeri
1247 1840 1355 1884 exem·

119 1919 209 2004 plum
241 1921 361 2004 egressi
392 1926 468 1986 sunt
498 1943 516 1985 e
541 1921 660 1987 finibus
690 1923 847 1989 sermonis
876 1922 1029 2005 lorensis;
1067 1945 1140 1988 cum
1163 1922 1248 1988 enim
1269 1922 1354 1987 inter

120 2045 230 2090 omnes
252 2029 379 2090 constet
402 2026 561 2091 rationem
584 2025 773 2092 elocutionis
797 2026 962 2092 ornandae
979 2049 1038 2112 per
1059 2027 1181 2111 primos
1203 2026 1350 2092 rhetores

120 2151 141 2193 a
161 2128 266 2212 poetis
288 2129 460 2213 repetitam
477 2151 546 2195 esse
558 2130 594 2213 ²),
617 2138 755 2215 apparet
776 2130 994 2216 apostrophos
1010 2152 1139 2215 quoque
1155 2131 1218 2195 vim
1241 2128 1354 2214 ampli-

121 2254 210 2297 orem
242 2231 343 2298 fuisse
376 2255 481 2318 neque
514 2234 547 2298 in
579 2234 686 2300 causis
718 2239 844 2299 tanturn
874 2234 936 2300 fori
965 2256 1035 2301 earn
1067 2233 1248 2301 adhibitam
1275 2254 1355 2299 esse.

121 2338 228 2419 Atque
252 2336 279 2400 si
300 2342 414 2421 poetas
436 2337 478 2403 ab
497 2338 559 2403 hac
579 2343 674 2423 parte
695 2359 931 2423 percensemus,
953 2359 1164 2424 permaguum
1187 2359 1354 2404 numerum

122 2439 236 2504 talium
266 2440 538 2525 apostropharum
570 2443 758 2508 invenimus.
810 2443 883 2508 Huc
914 2443 1035 2508 cadunt
1064 2464 1174 2508 omnes
1201 2441 1277 2507 illae
1307 2441 1356 2505 iu-

124 2543 309 2609 vocatioues
338 2543 472 2610 deorum
500 2550 533 2611 et
560 2568 726 2612 musarum
747 2546 835 2611 velut
858 2547 1082 2632 Vorg.hen.1
1105 2552 1140 2612 l:
1163 2551 1263 2623 Mara,
1284 2550 1357 2610 mila

123 2670 236 2713 causas
257 2670 389 2715 memora
412 2674 479 2728 ...;
502 2652 701 2716 convertitur
724 2651 808 2716 euim
831 2673 937 2717 sermo
960 2658 1016 2717 aut
1036 2653 1145 2737 potius
1168 2649 1313 2716 narratio
1336 2671 1356 2714 a

122 2750 239 2831 iudico,
268 2752 298 2817 h.
323 2774 349 2817 e.
373 2752 414 2819 ab
438 2775 485 2833 ec,
516 2753 558 2819 ad
585 2775 681 2839 quem
710 2776 816 2820 sermo
838 2755 986 2836 habetur,
1016 2755 1070 2819 hic
1098 2755 1199 2839 igitur
1228 2752 1269 2818 ab
1299 2753 1355 2830 eis,

124 2855 180 2939 qui
195 2857 414 2922 narrationem
430 2862 547 2948 poetae
563 2858 700 2923 audiunt
713 2858 764 2924 vol
778 2859 898 2942 legunt,
921 2858 963 2923 ad
978 2859 1214 2923 invocationem
1237 2877 1355 2921 musae.

107 2955 249 3024 'Deinde
273 2958 430 3025 afferendi
453 2966 528 3026 sunt
550 2962 622 3041 loci,
644 2961 701 3027 ubi
720 2967 898 3046 praecepta
914 2961 1075 3046 quaedam
1090 2960 1140 3027 vol
1155 2960 1357 3026 hortationes

125 3061 168 3127 ad
197 3084 368 3147 personam
397 3063 541 3148 aliquam
570 3064 636 3130 sivo
665 3086 733 3130 rem
763 3086 834 3130 cum
862 3066 1029 3131 aversione
1059 3064 1243 3148 diriguntur
1269 3062 1358 3127 velut

126 3165 217 3250 Oeid.
240 3166 327 3232 Fast.
349 3168 380 3232 ΙΙ
404 3174 480 3234 557:
511 3173 588 3234 Dum
611 3179 710 3233 tamea
730 3174 808 3234 haee
826 3176 911 3247 fient,
940 3174 1052 3234 aldeae
1074 3179 1191 3233 cessate
1212 3173 1358 3247 paellae!

127 3275 185 3334 aut
209 3270 256 3334 Ex
277 3270 369 3336 Pout.
391 3271 423 3337 ΙΙ
446 3276 474 3351 2,
498 3278 555 3337 61:
577 3276 708 3351 Llapaa,
729 3278 806 3338 sile!
828 3277 886 3337 aut
908 3272 1024 3337 Catull.
1047 3271 1169 3337 XXVII
1192 3278 1210 3337 b
1231 3269 1285 3355 (cf.
1308 3269 1357 3335 ed.

126 3394 224 3457 quam
253 3373 341 3439 fecit·
359 3373 604 3458 Baehrens):
636 3382 674 3440 Αι
702 3398 763 3452 aas,
796 3398 855 3456 qao
885 3381 966 3442 lohel
994 3382 1065 3440 blac
1087 3380 1177 3451 abile,
1209 3380 1358 3455 lymphae,

61 3520 63 3524 -
134 3480 201 3541 Vini
219 3484 385 3556 pernicies,
409 3489 439 3543 el
459 3486 503 3545 ad
522 3499 645 3544 neaerae
660 3484 815 3558 Mlprale!
851 3478 922 3544 Non
941 3467 1113 3544 obliviscar
1134 3500 1233 3563 porro
1245 3478 1359 3543 talium
1380 3521 1382 3525 ,

127 3580 357 3664 exemplorum,
387 3603 471 3665 quae
494 3583 660 3648 continent
682 3583 959 3661 exclamationem,
979 3581 1115 3647 'scilicet
1142 3582 1175 3645 in
1203 3586 1360 3666 quantum

127 3683 251 3749 habent
266 3685 475 3751 aversionem.
510 3692 589 3752 Nam
609 3691 647 3753 ut
666 3692 754 3751 recte
777 3691 887 3751 monet
908 3686 1050 3751 Moneo
1072 3683 1126 3767 (ci.
1141 3685 1162 3749 l.
1178 3708 1201 3751 e.
1218 3707 1242 3750 e.
1257 3686 1361 3768 p.44),

101 3857 104 3864 ,
129 3795 329 3853 exclamando
352 3796 610 3862 aenaeaesrarlo
634 3796 702 3870 qula
728 3796 939 3869 compellatur,
966 3796 1023 3855 eea
1051 3795 1132 3854 hane
1160 3810 1279 3870 qaoque
1308 3809 1360 3853 ex-

128 3897 337 3966 clamationem
353 3897 466 3958 habea:
489 3915 506 3957 a
528 3904 717 3973 quantopere
738 3904 895 3959 mutantur
911 3900 1067 3972 tempora!
1088 3897 1140 3958 abl
1162 3914 1218 3957 aaa
1240 3898 1359 3957 aaerslo

102 4043 104 4048 -
129 4017 149 4059 a
171 4000 282 4073 iudice,
312 4017 368 4061 aec
397 4001 517 4062 amalae
543 4003 726 4077 compellare
747 4002 879 4076 aliquem
901 4002 1044 4061 cooleadl
1069 4005 1174 4075 polest
1199 4004 1360 4060 aratorem.

129 4098 228 4164 Verte
250 4104 359 4165 autem
381 4121 502 4183 quaeso
525 4099 635 4165 oculos
656 4121 782 4166 mecum
806 4099 848 4163 ad
870 4120 1006 4178 versum,
1040 4120 1136 4182 quem
1163 4097 1245 4181 legis
1273 4097 1360 4162 Fast.

129 4201 220 4268 Ovid.
243 4203 258 4267 1
281 4208 341 4269 87:
363 4208 462 4281 Solae,
485 4211 567 4269 laeta
591 4209 666 4280 alies,
756 4209 815 4268 aut
837 4201 953 4268 Tibull.
975 4203 1021 4268 ΙΙΙ
1044 4209 1073 4282 4,
1092 4208 1148 4269 al:
1177 4208 1212 4278 Α,
1235 4208 1362 4267 crudele

217 4432 242 4499 l)
261 4428 301 4484 Of.
319 4428 354 4484 Il.
372 4428 405 4483 II
421 4431 540 4499 284eqq.

215 4517 245 4585 2)
263 4515 427 4571 conferatur
445 4514 700 4579 Buchholdue‚
725 4516 760 4570 de
787 4532 1001 4585 paromoeoseoe
1020 4514 1254 4582 (adlitteratiouis)
1287 4512 1360 4582 apud
1434 4527 1438 4532 ’

130 4608 238 4659 veteres
254 4601 442 4658 Romanorum
461 4607 558 4674 poetas
575 4620 627 4658 usu
644 4600 721 4671 (diss.
740 4602 807 4673 phil.
826 4601 902 4673 Lips.
922 4603 999 4671 1883)
1017 4600 1102 4673 prael.
1120 4618 1147 4671 p.
1166 4600 1230 4672 bsq.
