3167 5250
746 392 960 451 ..1ss-

236 562 406 628 Servius
428 559 590 626 iudicasse
613 564 771 626 annotans
793 559 841 625 illi
856 559 979 624 versui:
1002 568 1094 622 totum
1114 562 1172 623 hoe
1194 578 1306 638 mopmo
1319 560 1485 649 prospho-

237 671 304 731 hesi
315 666 340 749 ¹)
371 671 482 731 dictam
511 674 571 730 est:
594 671 670 744 plus
699 670 777 729 mim
806 668 979 739 ustiure,
1009 683 1098 742 quom
1127 666 1159 725 im
1188 665 1308 727 uerbis:
1338 665 1485 739 quemuis

238 775 316 834 emim
339 779 430 834 tolum
447 773 558 833 dietam
581 789 640 832 nou
663 773 713 843 sit,
735 778 834 832 tamem
856 776 885 831 et
903 772 1061 847 copiiotur
1077 766 1106 829 eh
1121 771 1244 844 copitar
1259 768 1298 830 ah
1313 769 1485 829 auditore:

238 879 315 938 hoec
331 883 376 937 est
391 877 469 936 enim
483 891 596 952 mophu
612 876 773 951 emphasis,
795 891 874 951 quoe
884 866 1069 950 perpetuam
1079 889 1246 948 personam
1261 873 1484 948 conplectitur.

239 975 341 1041 Simili
372 975 466 1040 modo
489 975 610 1059 optima
632 974 850 1059 explicabitur
871 974 1085 1058 apostropha,
1115 993 1213 1056 quam
1238 971 1374 1056 legimus
1397 975 1485 1038 Aen.

239 1079 300 1145 VII
323 1084 385 1145 759
401 1100 459 1162 sq,
491 1078 547 1144 ubi
570 1077 731 1162 Vergilius
759 1064 863 1143 morte
885 1076 1074 1156 Umbronis,
1102 1080 1163 1140 oiri
1189 1078 1359 1154 fortissimi,
1389 1098 1486 1156 quem

240 1204 344 1247 cemus
366 1186 527 1261 Ampitiue,
557 1186 656 1247 vitreo
677 1186 815 1247 Facimus
835 1186 937 1257 audo,
966 1185 1075 1260 liquidi
1096 1185 1183 1244 locas
1202 1187 1369 1260 hermam,
1398 1180 1487 1244 mihi

242 1285 372 1369 quidem
387 1284 515 1351 videtur
536 1284 622 1350 iusto
637 1285 708 1351 inre
725 1285 759 1350 iu
777 1284 931 1350 lacrimas
945 1289 1104 1369 raptatus.
1141 1283 1227 1366 Lege
1241 1303 1339 1367 porro
1354 1304 1486 1364 versus,

241 1390 296 1473 qui
326 1394 402 1454 sunt
422 1387 498 1454 Met.
520 1388 569 1455 XI
591 1394 633 1454 44
649 1409 706 1473 sq,
730 1387 847 1472 quibus
869 1392 1022 1453 narratur
1042 1386 1083 1451 de
1106 1391 1210 1451 morte
1230 1385 1361 1471 Orphei,
1391 1408 1486 1467 quem

241 1504 376 1558 moestae
390 1499 540 1569 uolucres,
563 1496 653 1557 turha
668 1493 820 1568 thiaram,
842 1496 939 1570 ripidi
958 1496 1070 1569 silices,
1092 1495 1231 1556 earmina
1245 1511 1340 1570 saepe
1354 1502 1488 1556 secatae

240 1604 390 1677 fleuerunt
411 1602 517 1673 siloae,
540 1600 598 1661 aut
612 1595 689 1660 Met.
705 1594 767 1660 XII
787 1599 837 1675 68,
859 1595 916 1661 ubi
939 1615 1044 1661 sermo
1059 1594 1197 1660 vertitur
1217 1595 1251 1659 in
1264 1594 1487 1661 Protesilaum

243 1700 299 1784 qui
314 1706 436 1780 primus
454 1704 598 1780 fataliter
612 1702 765 1764 Hectoreo
786 1703 877 1764 hosio
897 1704 999 1765 eadit:
1021 1699 1086 1764 Iam
1109 1698 1266 1765 concedes
1288 1719 1399 1764 omnes
1420 1699 1487 1763 hos

244 1802 333 1868 locos
356 1801 514 1868 eiusmodi
537 1823 617 1884 esse,
636 1807 674 1867 nt
688 1807 805 1886 poetae
827 1802 860 1867 in
876 1802 1030 1868 maiorem
1054 1802 1152 1867 animi
1170 1799 1322 1868 affectum
1337 1801 1487 1868 incidere

244 1906 419 1991 potuerint,
445 1905 531 1972 unde
554 1906 771 1991 apostrophae
794 1906 1026 1990 profluxerunt.
1071 1904 1209 1988 Reliqua
1231 1906 1395 1991 exempla,
1425 1904 1487 1970 ubi

246 2010 351 2093 figura
383 2009 440 2075 illa
473 2009 622 2075 similiter
652 2010 773 2094 optime
805 2008 1005 2093 intellegitur
1038 2029 1079 2075 ex
1106 2015 1277 2093 poetarum
1306 2009 1397 2075 luctu
1432 2009 1488 2074 val

226 2112 483 2195 misericordia,
515 2133 599 2197 qnae
622 2113 807 2180 efficiuntur
828 2113 896 2178 sive
916 2118 1021 2178 morte
1043 2112 1181 2179 alicuius
1203 2113 1268 2179 sive
1291 2114 1389 2179 robus
1411 2116 1486 2197 qui-

247 2217 383 2283 busdam
407 2216 566 2296 adversis,
596 2219 676 2297 satis
698 2217 804 2283 habeo
827 2237 1049 2297 enumerasse,
1081 2237 1153 2283 cum
1184 2218 1292 2283 omnia
1318 2218 1486 2303 explicare

114 2342 117 2347 ’
245 2321 377 2405 longum
400 2342 439 2388 ac
461 2341 736 2406 supervacaneum
755 2320 834 2386 mihi
857 2319 986 2404 quidam
1014 2320 1178 2402 videatur3
1209 2342 1293 2404 quae
1316 2323 1486 2388 inveniun-

246 2429 315 2489 tur:
339 2427 416 2490 Aen.
438 2425 464 2489 X
483 2429 564 2506 4303
597 2424 704 2490 Metl
724 2429 787 2490 489
804 2445 867 2507 sq,;
896 2424 940 2489 IV
963 2429 1025 2490 242
1041 2445 1105 2508 sq.;
1133 2424 1208 2490 VIII
1223 2431 1303 2507 4593
1333 2426 1379 2491 IX
1405 2431 1485 2508 1383

225 2532 310 2594 ’649
335 2550 423 2613 sqq.;
461 2528 491 2592 X
525 2533 564 2594 69
587 2549 650 2612 sq.;
695 2533 752 2593 311
780 2549 866 2612 sqq.;
912 2531 980 2593 Art.
1014 2534 1111 2595 amat.
1140 2529 1172 2594 II
1206 2533 1267 2611 249
1290 2550 1353 2613 sq.;
1396 2529 1485 2594 Fast.

250 2633 293 2699 Vl
316 2638 388 2699 528.
831 2663 834 2670 ·

339 2756 418 2820 Cum
449 2776 489 2820 ex
519 2754 725 2839 apostrophis
754 2753 862 2819 adhuc
894 2754 1002 2819 allatis
1032 2754 1079 2818 illi
1108 2756 1219 2821 tristes
1242 2753 1377 2822 affectus
1406 2755 1487 2822 dicti

253 2858 422 2938 eluxerint,
444 2860 542 2923 vertit
564 2879 598 2924 se
613 2864 710 2943 poeta
733 2859 799 2923 ira
820 2863 860 2923 et
881 2857 1179 2942 indignatione
1200 2859 1486 2925 inflammatus

251 2964 284 3026 in
307 2983 416 3042 versu,
440 2962 495 3045 qui
517 2967 568 3027 est
589 2965 665 3027 Aen.
687 2961 731 3026 IV
753 2967 833 3040 412,
855 2962 888 3025 in
911 2964 1061 3026 Amorem
1081 2960 1193 3027 deum:
1222 2967 1363 3043 Improbe
1385 2970 1485 3040 Amor,

253 3070 328 3145 qaid
356 3087 417 3129 mom
444 3072 586 3131 mortalia
608 3076 740 3145 pectora
767 3071 872 3147 copis?
916 3064 1084 3130 Adiectivo
1111 3071 1247 3145 improbe
1269 3065 1409 3132 dilucide
1432 3068 1485 3132 de·

255 3174 463 3249 monstratur,
494 3190 534 3234 ex
554 3168 642 3253 quali
665 3169 764 3235 animi
783 3175 874 3234 motu
902 3168 1102 3253 apostropha
1120 3169 1319 3254 profluxerit
1364 3171 1485 3236 Eadem

253 3272 498 3356 indignatio
530 3277 647 3356 poetae
677 3271 789 3337 subest
818 3272 1039 3356 apostrophis,
1074 3293 1158 3356 qnae
1186 3274 1393 3340 inveniuntur
1419 3278 1485 3341 Art.

253 3381 350 3441 amat.
370 3376 505 3454 111459,
537 3374 594 3441 ubi
617 3374 831 3459 compellatur
852 3375 1071 3459 Demophoon,
1094 3381 1185 3441 heres
1211 3382 1320 3443 Thesei
1341 3384 1485 3455 criminis,

255 3485 307 3559 qui
323 3484 492 3561 Phyllidem
514 3485 595 3543 molo
612 3485 675 3557 lide
697 3481 821 3555 fefellit,
844 3484 878 3543 et
900 3482 1009 3544 Amor.
1032 3479 1048 3543 Ι
1070 3484 1100 3558 8,
1115 3485 1186 3561 113,
1211 3481 1268 3547 nbi
1289 3488 1387 3566 poeta
1409 3483 1486 3548 allo-

255 3583 366 3667 quitur
393 3604 452 3667 per
482 3583 681 3648 aversionem
704 3581 811 3648 lenam
842 3583 892 3647 his
921 3582 1044 3648 verbis:
1061 3587 1119 3647 m·
1149 3589 1203 3649 tihi
1231 3591 1305 3651 deut
1330 3593 1486 3665 multosque

256 3690 354 3751 Lares
377 3692 556 3766 inopemque
578 3696 730 3751 senectam
752 3691 792 3750 Et
814 3693 922 3767 tompus
943 3691 1055 3751 hiemes
1070 3700 1316 3768 perpetuumque
1336 3695 1424 3755 sitim.

343 3790 499 3855 Irrisio
523 3794 556 3856 et
576 3789 808 3855 ludibrium
831 3790 957 3854 videtur
979 3790 1058 3854 mihi
1078 3791 1322 3858 fundamentum
1343 3800 1487 3878 apostro-

257 3893 404 3978 pharum,
428 3894 668 3977 quas‘legimus
688 3892 813 3958 Fastor.
834 3894 865 3958 II
888 3898 959 3972 811,
988 3893 1044 3959 ubi
1066 3916 1171 3960 senno
1194 3898 1332 3962 vertitur
1356 3898 1390 3961 in
1411 3897 1487 3962 Tar·

258 3998 412 4081 quinium,
442 3998 497 4080 qni
519 3997 704 4063 Lucretiam
728 3996 922 4081 corrupitl),
955 3997 1005 4062 vel
1027 3998 1113 4064 Fast.
1134 4000 1161 4065 V
1184 4006 1243 4067 591
1263 4022 1343 4085 sqq,
1364 4002 1422 4068 ubi
1436 4003 1486 4067 sic

258 4105 366 4165 extat:
1105 4135 1107 4140 .
1455 4141 1458 4148 ,
1566 4127 1567 4130 ¹

346 4327 370 4393 l)
389 4325 430 4380 cf.
449 4345 475 4397 p.
496 4328 528 4380 la
546 4326 626 4381 huius
645 4324 753 4381 dissert

344 4415 371 4479 2)
392 4411 474 4482 Quid,
492 4414 586 4481 uictor,
602 4409 733 4482 paudus?
758 4411 825 4466 hoec
850 4416 876 4465 te
899 4413 1015 4468 maiorm
1035 4415 1140 4483 perdet.
1183 4413 1247 4470 Hem
1273 4420 1376 4486 promto
1399 4419 1486 4489 rophia

258 4515 315 4554 mom
332 4500 409 4554 stetit
425 4516 484 4554 omo
502 4500 567 4554 tois.
