3167 5250
587 1336 912 1412 PRAEFATIO.

226 1664 428 1746 Quamquam
449 1663 488 1728 de
507 1683 623 1746 genere
640 1662 766 1727 dicendi
791 1663 857 1728 eive
873 1662 1053 1728 elocutione
1071 1669 1240 1747 poetarum
1257 1666 1373 1730 Roma·

139 1788 263 1845 norum,
294 1766 334 1832 de
364 1767 526 1831 rhetorico
557 1767 735 1832 carminum
764 1772 962 1845 ornamento,
996 1766 1035 1831 de
1065 1769 1169 1851 tropis
1198 1790 1237 1832 ac
1263 1769 1375 1851 figuris

139 1875 363 1952 tractaverunt
390 1870 541 1954 permulti
571 1870 632 1933 viri
660 1870 760 1948 docti,
792 1870 825 1933 iu
855 1869 965 1934 multis
992 1876 1100 1936 tamen
1131 1860 1375 1954 quaestionibus

139 1975 235 2039 hodie
251 1995 379 2057 quoque
402 1974 478 2038 licet
494 1973 601 2038 dicere
623 1972 718 2050 idem,
742 1973 829 2056 quod
849 1973 969 2056 legitur
991 1974 1078 2057 apud
1099 1974 1317 2040 Frankium
1341 1976 1374 2038 in

139 2078 342 2162 praefatione
365 2076 643 2141 commentationis
672 2097 756 2145 anno
782 2083 862 2142 1895
893 2076 999 2141 editae
1011 2079 1035 2159 1)
1065 2098 1149 2160 quae
1177 2084 1227 2143 est
1253 2078 1293 2142 do
1316 2078 1374 2143 Sili

139 2180 245 2245 Italici
268 2181 461 2245 Punicorum
491 2179 619 2263 figuris:
650 2179 726 2258 „illa
747 2200 800 2243 ree
828 2179 958 2244 minime
988 2180 1067 2245 satis
1094 2180 1269 2264 explanata
1297 2186 1374 2245 est“.

140 2282 229 2348 Idem
246 2283 286 2349 de
301 2283 501 2367 apostropha
523 2289 693 2367 poetarum
710 2282 929 2348 Romanorum
944 2283 1061 2362 valere,
1084 2283 1126 2349 ad
1143 2285 1234 2349 cuius
1252 2292 1373 2349 certam

140 2387 303 2471 quandam
326 2387 465 2470 speciem
480 2386 565 2451 hanc
583 2386 835 2469 disputationem
858 2387 1021 2469 pertinere
1037 2386 1134 2466 volui,
1154 2389 1207 2451 vix
1223 2386 1374 2471 estquod

140 2511 295 2555 moneam.
333 2492 404 2570 Qua
425 2492 458 2554 in
480 2511 516 2555 re
538 2511 588 2554 me
610 2511 674 2554 non
691 2500 936 2569 carceratorum
960 2512 1026 2554 csse
1041 2496 1112 2555 uuio
1127 2496 1286 2556 Pieridum
1307 2498 1374 2556 locu

62 2639 64 2642 -
139 2600 253 2659 nullius
275 2604 346 2660 unic
366 2599 439 2672 tritu
461 2601 535 2671 solo,
558 2593 668 2658 utillo
692 2593 823 2659 Lucreti
845 2592 903 2677 (IV
924 2601 938 2659 1
957 2598 1019 2678 sq.)
1042 2600 1125 2674 utar,
1156 2616 1220 2659 non
1242 2597 1373 2679 ignor03

140 2699 196 2764 sed
225 2700 363 2782 primurn
394 2698 522 2782 quidem
552 2719 775 2781 quaecumque
798 2698 838 2762 de
859 2699 966 2782 figura
987 2699 1116 2782 prolata
1139 2700 1254 2777 inveni,
1280 2699 1375 2764 valde

140 2802 288 2886 dispersa
319 2807 394 2867 sunt
421 2803 454 2865 in
482 2801 721 2868 commentariis
745 2801 796 2866 vel
826 2801 1118 2885 disputatiunculis,
1153 2824 1234 2886 quas
1260 2808 1375 2887 postea

140 2906 309 2971 occasione
332 2906 411 2971 data.
430 2905 579 2987 afferam3
607 2912 677 2971 tum
699 2925 775 2970 vero
798 2905 972 2989 praecipue
1002 2905 1082 2970 illud
1109 2905 1281 2971 dolendum
1304 2928 1374 2971 esse

139 3008 242 3087 video,
272 3009 359 3092 quod
389 3010 449 3074 viri
479 3009 565 3074 docti
597 3030 724 3093 semper
750 3009 863 3092 paucis
890 3009 1082 3091 quibusdam
1107 3010 1261 3093 exemplis
1282 3011 1376 3074 inniti

140 3114 220 3178 satis
242 3113 435 3179 habuerunt.
474 3113 557 3192 Quin
573 3119 682 3195 tamen
696 3112 758 3177 hoc
773 3111 869 3176 modo
886 3112 925 3176 de
945 3111 1068 3194 figurae
1085 3114 1234 3178 universa
1248 3115 1374 3178 ratione

140 3223 239 3300 atque
265 3216 295 3280 vi
318 3220 371 3300 agi
394 3239 456 3280 non
486 3217 597 3300 possit,
626 3217 744 3282 nemini
774 3216 907 3281 dubium
937 3216 1007 3281 erit.
1051 3217 1243 3299 Priusquam
1266 3225 1375 3283 autem

141 3319 183 3385 ad
207 3341 300 3385 usum
328 3319 451 3403 figurae
480 3320 685 3385 tractandum
719 3321 825 3403 ipsum
855 3321 1057 3399 accedamus,
1088 3342 1184 3404 quam
1211 3322 1274 3385 vim
1298 3342 1375 3405 apo·

141 3423 294 3507 strophae
317 3423 474 3492 vocabulo
502 3423 634 3488 subesse
655 3424 789 3492 velimus
815 3424 1035 3506 quaerendum
1059 3425 1129 3489 erit.
1173 3425 1287 3507 Itaque
1311 3425 1375 3490 dis·
1408 3453 1435 3498 χ

140 3527 339 3611 putationem
362 3549 465 3591 meam
490 3528 537 3591 ita
557 3527 734 3606 instituam,
757 3532 802 3592 ut
824 3528 999 3610 primum
1021 3528 1068 3592 de
1089 3528 1375 3612 apostrophae

140 3631 313 3696 notione
336 3651 467 3713 agam,
490 3637 590 3714 quot
613 3631 780 3714 species
804 3630 971 3713 figurae
992 3637 1152 3711 extent,
1175 3633 1374 3715 quomodo

142 3756 214 3799 eae
250 3736 363 3799 inter
400 3757 443 3799 se
481 3734 709 3815 differant,
746 3734 792 3798 de
831 3756 910 3818 qua
947 3736 1088 3819 specie
1126 3736 1375 3801 accuratius

31 3848 35 3855 '
135 3816 334 3904 'tractare
364 3837 464 3902 mihi
490 3840 530 3902 in
558 3839 689 3902 animo
711 3838 784 3919 sit3
813 3838 995 3903 hisvero
1019 3838 1228 3904 absolutis
1252 3840 1375 3904 omnia

140 3942 265 4006 huius
297 3942 458 4026 speciei
484 3943 689 4025 exempla,
718 3964 823 4024 quae
852 3943 1127 4008 inveniuntur
1149 3943 1255 4025 apud
1277 3944 1374 4007 Ver·

141 4045 288 4127 gilium
320 4053 359 4111 et
382 4044 569 4110 Ovidium
598 4045 747 4111 idoneo
771 4045 917 4111 ordine
941 4045 1152 4129 colligam,
1180 4046 1374 4111 collectis

142 4147 453 4227 demonstrem,
470 4170 548 4231 qua
571 4150 742 4214 ratione
765 4151 943 4232 permoti
965 4139 1115 4233 poetae
1137 4150 1242 4215 hano
1265 4150 1374 4232 fig-u-

140 4274 224 4317 ram
262 4252 514 4317 adhibuisse
544 4253 786 4334 videantur3
824 4254 1004 4336 denique
1041 4274 1085 4318 ex
1118 4253 1195 4318 hoc
1227 4253 1374 4319 lunda-

228 4479 254 4546 1)
273 4477 314 4532 cf.
331 4473 504 4533 ‘Festschrift
521 4477 571 4532 der
587 4478 629 4530 43.
642 4476 722 4531 Vere.
741 4476 888 4532 deutscher
905 4449 1004 4532 Philol.
1021 4496 1048 4533 u.
1062 4472 1163 4533 Schul’
1182 4477 1275 4548 (Bonn
1296 4480 1373 4545 1895)

139 4581 166 4634 p.
185 4566 217 4617 21
225 4581 284 4633 sqq.
