3167 5250
637 482 858 544 ..43-

121 646 224 712 liceat
244 647 323 712 mihi
352 651 464 732 paucis
487 652 659 737 explicare,
686 653 764 736 quid
787 674 859 717 mea
880 652 1008 736 quidem
1032 652 1261 719 sententiade
1285 651 1363 717 Ho-

123 752 282 817 merico
316 756 608 839 apostrophae
640 779 712 821 usu
742 755 949 821 indicandum
978 756 1028 820 814.
1082 755 1246 840 Exempla,
1280 777 1363 840 quae

124 862 240 931 extant
255 856 346 943 044
369 864 418 937 55,
444 865 514 939 1115,
530 866 601 939 880,
618 862 689 940 448,
716 866 793 941 004;
816 888 834 927 0
858 865 936 939 125,
959 886 983 926 π
999 866 1050 939 80,
1069 865 1139 939 488,
1155 866 1232 941 4543
1256 865 1363 944 9212,

125 965 199 1038 844,
224 965 295 1039 880,
319 965 389 1040 512,
410 968 470 1028 440
481 964 522 1046 ¹),
544 963 580 1027 44.
597 969 696 1043 1120,
713 969 785 1042 084,
801 967 872 1042 coa,
890 970 961 1043 144,
978 969 1049 1043 154,
1066 969 1138 1042 484,
1161 968 1233 1042 848,
1249 968 1311 1029 848
1322 964 1365 1044 2);

123 1068 354 1142 Δ127,146;
388 1071 523 1147 Η104;
558 1072 695 1147 Nece,
730 1071 852 1145 Pera,
875 1072 952 1146 702,
993 1065 1164 1149 Ψ6003);
1196 1067 1363 1150 03654);

127 1171 156 1232 Ο
181 1166 288 1250 5825),
314 1168 423 1251 426),
453 1170 684 1254 intelleguntur
713 1171 834 1254 optime
858 1191 897 1234 844
920 1171 1027 1234 animo
1054 1177 1170 1254 poetae
1194 1168 1364 1235 affectibus

126 1268 321 1352 quibusdam
356 1271 496 1355 perfuso,
534 1295 728 1356 quamquam
765 1273 934 1357 enallagen
968 1295 1062 1337 casus
1096 1274 1225 1357 saepius
1260 1279 1364 1341 metro

126 1373 222 1438 simul
246 1375 446 1457 aptissimam
469 1375 569 1441 luisse
592 1399 654 1441 non
679 1397 769 1459 nege.
816 1376 887 1440 Uno
908 1375 981 1441 loeo
1005 1398 1056 1440 res
1076 1377 1171 1440 aliter
1193 1398 1227 1441 88
1250 1377 1365 1441 habet:

125 1477 163 1541 11.
193 1483 357 1561 Yltlsq.
381 1479 464 1543 enim
487 1480 622 1563 legitur:

299 1586 340 1648 01
362 1580 389 1649 δ’
401 1583 539 1667 deiparae
561 1590 702 1665 καθῖζον
725 1581 770 1652 ἐπ’
798 1580 923 1669 ὀφρύσι
947 1582 1201 1670 Καλλικολώνης

290 1681 386 1771 Ἀμφὶ
409 1687 455 1767 oi,
478 1684 526 1772 ἤιε
551 1693 662 1773 Φοῖβε,
685 1690 740 1755 καὶ
764 1685 859 1774 linque
881 1692 1118 1772 πτολίπορθον.

79 1882 82 1887 Α
219 1807 268 1871 Ex
290 1807 402 1871 eadem
431 1809 565 1887 ratione,
593 1788 689 1891 quam
720 1808 892 1873 habuimus
920 1809 953 1872 in
977 1808 1131 1892 exemplis
1159 1808 1367 1892 paragrapho

126 1916 223 1976 sexta
246 1910 371 1975 decima
392 1912 552 1991 tractatio,
585 1912 666 1976 haec
698 1912 897 1996 apostropha
921 1934 961 1977 84
983 1918 1086 1977 metro
1108 1917 1243 1996 cogente
1266 1912 1366 1996 expli-

127 2015 307 2093 candaest,
330 2014 415 2078 unde
439 2021 595 2099 sequatur
617 2016 695 2080 iam
718 2016 758 2079 in
781 2015 948 2080 Homeri
971 2014 1235 2081 carminibus
1261 2016 1365 2100 ligu-

126 2140 215 2183 ram
240 2117 452 2202 delapsam
477 2141 569 2184 esse
592 2141 612 2184 a
635 2140 707 2184 sua
726 2117 992 2193 condicione.

215 2259 304 2338 §2L
349 2257 526 2339 Pergamus
553 2280 638 2322 nuno
671 2255 714 2324 ad
744 2258 871 2322 initia
902 2258 1044 2341 poesis
1083 2258 1366 2325 Romanorum.

127 2361 166 2424 111
197 2361 285 2424 Livi
325 2360 554 2425 Andronici
589 2361 699 2426 Odisia
731 2367 764 2426 et
796 2363 829 2426 in
865 2362 926 2428 Cn.
958 2360 985 2425 N
998 2362 1091 2425 8841
1123 2360 1214 2426 Bello
1246 2362 1367 2425 Punico

128 2464 290 2528 nullum
320 2465 548 2548 exemplum
574 2466 695 2545 inveni3
727 2487 766 2529 ex
792 2465 895 2529 Enni
911 2464 1089 2530 Annalibus
1111 2487 1231 2529 unum
1260 2464 1367 2529 locum

129 2566 248 2633 afferre
283 2589 422 2652 possum,
455 2568 510 2651 qui
543 2568 663 2652 legitur
692 2569 725 2633 in
755 2589 852 2634 versu
885 2575 944 2635 100
956 2567 992 2652 7),
1024 2569 1081 2635 4141
1110 2569 1236 2634 aversio
1269 2567 1307 2633 fit
1327 2589 1367 2633 844

129 2672 414 2737 admiratione
436 2678 552 2756 poetae
579 2673 611 2736 in
633 2673 741 2738 'l'itum
763 2672 893 2737 Tatium
915 2673 1126 2752 4404444448).
1172 2672 1266 2756 Apud
1289 2673 1367 2736 Lu·

130 2776 273 2841 cilium
303 2775 409 2859 figura
438 2776 565 2841 videtur
594 2783 705 2841 extare
733 2777 767 2840 in
794 2797 898 2854 versu,
929 2797 1024 2859 quem
1054 2775 1366 2859 habemus154⁹):

135 2878 138 2884 ’
367 2885 518 2957 occidant,
542 2875 637 2959 Lupe,
659 2885 815 2959 saperdae
837 2890 866 2943 48
889 2890 918 2943 84
939 2885 1011 2944 iure
1033 2885 1139 2957 4444444;

131 3004 216 3066 quae
238 2983 338 3048 verba
360 2983 448 3047 dicta
470 2989 545 3048 sunt
568 2984 706 3047 fortasse
727 3006 767 3047 ex
789 2984 924 3047 animo
947 2983 1137 3047 excitato
1160 2989 1210 3048 dei
1226 2988 1368 3060 8448444444,

132 3094 185 3167 qui
206 3091 324 3166 Lupum
346 3093 448 3152 uideat
470 3093 601 3151 4444444044
624 3089 778 3167 efflantem
801 3100 912 3151 morter
934 3094 1043 3151 multus
1070 3108 1262 3162 8044884448,
1292 3108 1369 3165 qaas

130 3198 275 3255 4440440488
289 3192 503 3275 0448484410).
536 3229 579 3240 -
613 3190 709 3255 Putet
723 3265 726 3272 ι
740 3190 880 3255 10448888
911 3191 1072 3275 quispiam
1096 3212 1136 3254 ex
1157 3189 1219 3255 hoe
1252 3190 1368 3272 exiguo

220 3400 246 3466 1)
264 3396 374 3466 Ubique
392 3398 510 3451 48441444
527 3399 649 3452 48448410
668 3399 697 3451 14
715 3398 878 3452 Eumaeum.

218 3487 246 3553 2)
316 3524 331 3551 ,,
436 3525 451 3551 ,,
575 3525 589 3552 ,,
672 3525 687 3553 „
714 3477 884 3539 Patroclum.

218 3573 244 3637 3)
314 3610 329 3638 ,,
571 3610 586 3639 ,,
669 3611 684 3638 „
711 3571 877 3625 Menelaum.

218 3658 247 3725 4)
573 3698 588 3725 „
671 3698 686 3725 ,,
711 3657 865 3711 Phoebum.

220 3746 247 3812 5)
317 3784 332 3811 „
438 3784 453 3810 ,‚
576 3786 590 3808 ‚,
672 3784 687 3812 ,‚
713 3743 913 3812 Menalippum.

220 3834 247 3898 6)
317 3871 332 3897 ,,
437 3870 453 3897 ,,
574 3871 590 3898 ,,
672 3871 687 3899 ,,
714 3829 861 3884 Achillem.

222 3920 248 3985 7)
267 3916 469 3971 (11.1444418488
489 3916 586 3974 Ρο8818
605 3916 750 3990 Reliquiae
768 3934 825 3970 rec.
844 3916 982 3971 Iohannes
1003 3916 1119 3983 Vahlen,
1139 3915 1216 3984 Lips.
1237 3919 1311 3970 1903.

220 4005 247 4072 8)
267 4003 307 4057 of.
328 4002 360 4071 Q
375 4001 473 4070 Ennio,
491 4002 507 4055 1
526 4002 697 4056 Rrammenti
713 4000 798 4071 Degli
816 4003 918 4055 Annali
936 4003 1012 4055 Edici
1031 4002 1055 4055 E
1075 4001 1211 4055 Illustrati
1230 4001 1274 4054 Da
1286 4002 1370 4071 Luigi

133 4091 348 4159 Valmaggi,
373 4089 475 4142 Torino
495 4092 569 4157 1900,
597 4089 645 4143 4141
671 4089 788 4157 legimus
807 4107 834 4166 p.
846 4091 880 4143 29
899 4089 933 4141 ad
950 4106 1060 4143 versum
1078 4090 1112 4141 53
1130 4089 1203 4155 (100)
1229 4088 1368 4141 additum:

135 4178 187 4230 841
209 4177 320 4230 Poscola'
337 4177 365 4229 444
387 4191 477 4244 880498
495 4176 543 4227 4444
561 4173 701 4242 8440844048
721 4175 763 4228 del
777 4180 862 4243 poeto
880 4181 965 4228 stesso
984 4174 1151 4242 4141844840,
1177 4175 1217 4226 804
1228 4170 1370 4243 'percupio

134 4264 192 4317 olto
210 4262 326 4315 8880440444
343 4277 463 4330 persono
481 4276 552 4315 come
569 4262 881 4328 448088444884444044484448
900 4262 932 4314 iu
952 4261 1048 4314 044840

220 4351 248 4416 9)
279 4349 320 4402 of.
346 4348 376 4402 G.
395 4347 496 4402 Lucilii
524 4347 681 4401 Garminum
706 4346 850 4416 Reliquiae
877 4366 933 4403 rec.
960 4347 1034 4401 Frid.
1061 4347 1174 4414 Marx,
1205 4343 1267 4402 Vol.
1293 4349 1369 4417 prius

136 4435 223 4504 (Lips.
244 4435 328 4502 1904).

34 4577 39 4600 1
207 4523 249 4588 10)
273 4520 313 4574 Of.
332 4521 361 4574 C.
380 4519 482 4574 Lucilii
506 4520 664 4574 (1844414444
690 4519 835 4589 Reliquiae
863 4538 918 4575 rec.
944 4521 1019 4574 Frid.
1038 4520 1153 4587 Marx,
1184 4518 1246 4573 Vol.
1265 4525 1367 4589 poster.

137 4608 333 4663 Commentarii
352 4606 438 4676 (Lipe.
459 4608 536 4675 1005)
556 4625 582 4675 p.
596 4608 637 4660 28.
