3167 5250
615 408 831 471 ..15-

102 575 193 654 Quae
214 577 322 657 autem
345 578 404 654 est,
432 595 562 659 quaeso,
591 596 671 653 vera
691 575 788 645 huius
811 575 931 660 speciei
958 575 1175 660 apostrophae
1197 576 1338 642 natural

61 702 64 708 ·
102 678 222 745 Omnes
243 677 433 762 intellegent
452 678 486 743 id
506 678 594 763 quod
615 679 656 747 iu-
668 678 765 755 lruius
785 678 1023 745 dissertationis
1044 679 1246 763 praefatione
1262 678 1339 759 dixi,

101 803 143 847 ex
165 780 326 847 nonnullis
348 782 478 856 selectis
500 780 718 867 exemplisde
743 782 809 851 illa
822 803 869 863 re,
896 783 935 847 de
960 783 1109 847 universo
1131 783 1255 865 figurae
1277 804 1339 849 usu
1383 802 1384 805 ’

100 885 240 951 iudicari
262 905 326 951 non
348 872 452 970 posse.
499 886 624 970 Itaque,
653 891 693 955 ut
712 887 747 953 in
776 884 862 955 hanc
893 907 964 953 reru
994 885 1096 952 altine
1124 893 1340 970 peneum

101 989 259 1073 optimum
282 993 362 1073 puto
376 990 576 1074 perscrutari
592 990 737 1057 carmina
752 989 889 1056 duorum
905 995 1085 1074 poetarum,
1108 1011 1244 1073 quorum
1261 1011 1338 1055 usus

98 1091 224 1176 figurae
254 1098 293 1157 et.
315 1092 595 1176 frequentissimus
619 1098 652 1158 et
676 1093 816 1161 maxime
848 1094 1039 1177 conspicuus
1069 1100 1126 1172 cst,
1158 1093 1283 1158 Ovidi
1306 1099 1345 1156 et·

99 1195 282 1279 Vergili,
305 1200 404 1280 etque
420 1217 460 1263 ex
479 1196 531 1263 his
546 1197 653 1262 omnia
668 1196 718 1262 vel
741 1202 829 1263 certe
851 1191 992 1281 plurima
1007 1196 1154 1281 exempla
1177 1195 1337 1278 colligere.

99 1299 155 1363 Sic
184 1299 267 1364 euim
298 1299 426 1367 facilius
456 1299 670 1372 demonstrari
698 1301 834 1386 poterit,
869 1321 935 1384 que
963 1300 1094 1366 ratione
1122 1300 1264 1384 permoti
1291 1299 1347 1366 illi.

98 1407 218 1488 poetae
240 1402 327 1469 haue
348 1403 566 1488 apostrophae
589 1404 727 1489 speeiem
750 1404 968 1471 adhibuerint.
1226 1408 1228 1411 ’

608 1695 757 1771 CAPUT
779 1698 832 1769 11.

702 1838 738 1901 Α.

187 1959 258 2041 §t
287 1956 455 2024 Notabiles
477 1962 606 2022 exstant
627 1978 739 2023 versus
760 1958 817 2042 qui
840 1962 915 2023 sunt
937 1960 1013 2022 rien·
1036 1956 1077 2021 IV
1103 1961 1166 2024 408
1182 1978 1252 2041 sqq·
1265 1958 1306 2040 ¹):

330 2066 404 2138 Quis
427 2065 481 2126 tibi
503 2071 572 2137 tum,
597 2064 849 2137 montarcene
871 2067 947 2126 tolia
968 2082 1086 2137 sensus,

329 2170 445 2242 Quosne
468 2169 565 2231 dabor
586 2170 725 2246 pectitur,
749 2186 816 2230 cora
839 2170 931 2230 litora
952 2166 1077 2241 seruere
1099 2170 1161 2229 late

325 2273 526 2349 Prospiecrcs
549 2290 623 2333 arce
645 2290 681 2334 ec
702 2291 818 2334 mama
839 2279 991 2348 totumque
1013 2273 1135 2333 videres

325 2376 451 2439 Misceri
471 2382 544 2438 oute
566 2378 668 2437 oculos
692 2378 786 2437 tontis
808 2376 992 2438 clamoribus
1014 2380 1152 2451 aequori

184 2492 243 2557 His
264 2491 350 2557 enim
372 2492 406 2556 in
422 2490 567 2556 versibus
590 2491 703 2576 figura,
728 2491 767 2558 de
791 2512 856 2576 qua
879 2491 1103 2570 tractabimus,
1127 2491 1247 2576 optime
1266 2513 1334 2557 cer·

96 2582 203 2678 nitur3
232 2596 267 2661 iu
288 2595 394 2661 medio
417 2596 613 2661 narrationis
635 2600 758 2662 tenore
778 2617 838 2681 per
865 2596 1033 2680 enallagen
1058 2616 1151 2660 casus
1182 2598 1256 2680 (pro
1278 2595 1335 2661 da-

94 2701 163 2766 tivo
190 2701 309 2785 legitur·
341 2701 520 2786 vocativus)
554 2697 760 2767 convertitur¹
780 2721 887 2766 sermo
916 2699 957 2764 ad
982 2699 1149 2764 Didonem.
1201 2701 1272 2779 Qua
1295 2699 1335 2764 de

95 2825 196 2869 causa
228 2810 337 2870 autem
372 2810 473 2889 poeto
504 2805 627 2870 creavit
656 2805 741 2870 hauc
770 2804 908 2871 formam
940 2803 1092 2869 dicendi?
1149 2803 1265 2886 Agitur
1295 2802 1336 2867 de

95 2913 186 2972 sorte
205 2906 349 2987 Didonis,
372 2907 510 2974 infelicis
531 2907 685 2988 mulieris,
709 2928 793 2991 quae
816 2927 940 2973 summo
963 2927 1073 2972 amore
1093 2907 1225 2972 incensa
1247 2927 1336 2972 ama-

94 3016 201 3076 torem
217 3011 434 3076 discessurum
449 3010 546 3077 videt.
582 3011 654 3076 Hac
675 3012 708 3075 in
730 3013 850 3077 misera
867 3009 1055 3076 condicione
1069 3010 1204 3077 Didonis
1225 3015 1334 3075 autem

95 3116 166 3180 siue
189 3114 288 3180 dubio
311 3135 410 3180 cause
425 3115 644 3199 apostrophua
665 3121 715 3181 est
736 3116 852 3199 posita.
891 3115 991 3193 Quem
1006 3135 1071 3178 non
1087 3115 1197 3198 capiat
1210 3114 1335 3179 miseri-

95 3217 223 3298 cordia,
256 3219 312 3302 qui
343 3218 434 3283 audit
464 3218 504 3283 de
534 3223 628 3284 tanta
650 3218 883 3298 sollicitudine,
913 3217 952 3283 de
974 3224 1042 3283 tam
1065 3217 1185 3283 acerbo
1213 3217 1333 3282 dolore.

95 3322 259 3405 Vergilius
281 3323 410 3407 quoque
432 3323 466 3387 in
491 3322 542 3388 his
570 3322 668 3388 rebus
689 3322 833 3388 adversis
856 3322 1028 3388 narrandis
1050 3322 1164 3387 incidit
1190 3322 1224 3385 in
1244 3321 1337 3386 illum<

94 3423 267 3507 alloctnm3
303 3446 343 3491 ex
370 3446 438 3510 quo
465 3431 644 3492 commotus
675 3428 773 3492 vertit
801 3431 959 3510 seposta
988 3427 1021 3489 in
1049 3425 1207 3490 Didonem
1236 3429 1334 3508 atque

93 3530 274 3613 interponit
296 3531 343 3594 sic
366 3529 513 3596 versibus
536 3552 628 3595 suum
652 3529 813 3595 allectum.
857 3530 897 3594 Ei
921 3534 1038 3608 autem,
1062 3531 1117 3613 qui
1140 3529 1199 3593 hos
1222 3549 1334 3593 versus

91 3631 207 3715 legunt
235 3632 296 3698 vel
318 3634 469 3715 audiunt,
503 3656 562 3718 per
592 3634 849 3718 inexspectatam
883 3632 1052 3717 enallegan
1086 3653 1180 3697 casus
1212 3632 1334 3696 diutius

95 3738 348 3826 accuratiusque
362 3738 488 3803 animos
504 3738 545 3802 ad
566 3738 654 3803 illam
676 3735 847 3822 personam
865 3736 1034 3801 advertere
1049 3741 1217 3819 coguntur,
1237 3734 1334 3799 simili

94 3839 194 3904 modo
210 3842 403 3921 excitantur,
426 3841 541 3906 eodem
555 3841 674 3907 affectu
691 3841 876 3907 alliciuntur
899 3845 998 3923 atque
1019 3847 1125 3924 poeta.
1164 3839 1207 3904 Ut
1220 3839 1334 3923 paucis

98 3943 385 4028 comprehendam:
413 3945 502 4009 illam
535 3945 765 4029 apostropham
797 3966 837 4009 ex
864 3943 984 4009 affectu
1002 3949 1120 4027 poetae
1141 3943 1334 4027 profluxisse

95 4053 251 4131 apparet3
275 4053 374 4132 atque
394 4047 500 4136 figura
523 4049 648 4115 adscite
670 4053 721 4113 est
742 4048 880 4114 feliciter
904 4054 938 4111 et
958 4047 1184 4130 pulcherrime,
1208 4067 1280 4111 cum
1303 4047 1334 4110 ei

95 4151 152 4234 qui
175 4171 286 4216 versus
308 4152 420 4236 legunt
441 4154 492 4217 vel
524 4153 660 4217 audiunt
691 4151 787 4217 simul
809 4153 999 4216 excitentur.
1044 4150 1098 4216 Sic
1119 4149 1248 4215 videtur
1268 4151 1333 4213 iarn

180 4359 205 4427 1)
224 4357 260 4411 In
278 4358 424 4414 afferendis
441 4360 510 4415 locis
528 4351 704 4414 usitavi'has
728 4359 880 4414 editiones:
909 4357 940 4412 Pr
959 4356 1071 4427 Vergili·
1089 4357 1213 4412 Μιτοῃίε
1238 4374 1332 4427 opera.

90 4442 160 4500 Reo.
179 4443 211 4499 Ο.
229 4443 412 4515 Ribbeck,
431 4446 483 4505 ud.
496 4446 528 4500 II
547 4446 634 4515 (Dipo.
646 4445 781 4515 Teubn.);
803 4446 917 4499 Ovidius
935 4444 1017 4498 Naso.
1044 4442 1113 4497 Rec.
1130 4442 1166 4497 R.
1183 4442 1330 4507 Merkel,

91 4530 146 4586 Ed.
165 4530 198 4585 II
215 4549 274 4586 cur.
291 4530 327 4586 Β.
344 4531 492 4588 Ehwald
510 4533 596 4604 (Lipa.
613 4531 738 4600 Tenba).
