3167 5250
728 428 941 487 ..14-

217 592 319 679 (locos
340 615 439 678 supra
460 616 491 678 p.
511 597 548 659 13
572 595 780 675 enumeravi),
809 594 945 660 similem
974 593 1275 678 interpretationem
1301 592 1456 657 invenies.

217 697 475 764 Eustathius
503 699 537 763 in
567 699 800 765 commentario
829 698 871 763 ad
901 697 1078 782 Odysseam
1108 703 1141 763 et
1168 696 1303 763 Iliadem
1332 697 1457 780 scripto

216 805 351 867 annotat
373 801 537 886 Odysseae
552 803 659 867 versui
684 804 740 885 qui
758 808 813 867 est
835 804 850 883 ξ
875 808 932 868 55:
955 799 1025 869 Ὅτι
1048 803 1084 870 ἐν
1102 799 1215 868 Ἰλιάδι
1236 802 1297 887 μὲν
1311 798 1458 887 Ὅμηρος
1569 860 1570 865 ,

216 912 353 984 πολλοῖς
385 914 502 991 χρῆται
535 902 764 991 ἀποστροφαῖς
795 907 848 974 ἐπὶ
879 906 1060 989 πρόσωπον
1091 901 1193 985 ἀξίων
1222 904 1336 989 λόγου,
1364 900 1457 972 οίον·

220 1005 299 1076 οὐδὲ
322 1008 423 1076 σέθεν
444 1010 598 1079 Μενέλαε
619 1011 694 1078 θεοί
717 1009 888 1091 ἐλάθοντο,
910 1015 974 1092 καί,
996 1008 1057 1076 τὸν
1078 1009 1114 1076 δὲ
1136 1008 1307 1094 προσέφης
1327 1007 1458 1091 Πατρό-

216 1118 303 1191 κλεις
333 1115 442 1192 ἱππεῦ,
470 1114 526 1180 καὶ
556 1113 651 1197 ἕτερα
679 1114 715 1181 δὲ
745 1111 858 1199 ὅμοια·
890 1112 928 1180 ἐν
950 1114 987 1181 δὲ
1010 1120 1051 1201 τῇ
1073 1110 1244 1201 Ὀδυσσείᾳ
1272 1111 1325 1178 ἐπὶ
1346 1110 1459 1197 μόνου

218 1211 373 1301 Εὐμαίου
404 1220 590 1317 σχηματίζει
622 1214 728 1296 οὕτως
759 1216 777 1284 ὁ
811 1216 964 1302 ποιητής,
998 1222 1106 1299 φιλῶν
1140 1224 1197 1300 τῆς
1231 1209 1362 1294 eductus
1394 1212 1459 1281 τὸν
1570 1300 1571 1303 ¹

218 1322 343 1386 δοῦλον
365 1320 419 1387 καί
442 1328 504 1387 τοῦ
527 1321 573 1398 είς
594 1317 699 1387 πολλὰ
720 1319 930 1406 χρησιμεύειν
953 1320 1101 1387 ἐνταῦθα
1124 1327 1165 1407 τῇ
1187 1315 1332 1402 actricem
1358 1317 1459 1381 simili

216 1422 311 1487 modo
342 1422 421 1488 dicit
452 1421 506 1489 ille
537 1422 632 1502 locis,
663 1424 718 1506 qui
748 1429 824 1489 sunt
854 1422 945 1488 Iliad.
975 1427 1093 1491 A127
1123 1427 1156 1486 et
1189 1426 1314 1500 0365,
1342 1421 1389 1485 ita
1420 1426 1460 1484 ut

218 1525 394 1591 secundum
415 1526 511 1592 huius
534 1548 663 1612 quoque
684 1526 917 1612 explicationes
938 1525 1020 1592 haec
1042 1525 1243 1610 apostropha
1264 1525 1299 1590 in
1319 1544 1458 1590 numero
1571 1614 1572 1619 ἵ

216 1629 393 1713 figurarum
423 1630 660 1697 rhetoricarum
689 1630 864 1696 verborum
893 1630 1044 1715 ponenda
1071 1632 1122 1696 sit.
1145 1667 1188 1679 -
1207 1628 1308 1712 Atqui
1329 1629 1458 1693 inveni·

217 1740 324 1814 untur,
348 1734 403 1818 qui
427 1740 580 1801 censeant
601 1733 740 1819 figuram
762 1755 827 1799 non
850 1755 977 1819 semper
998 1735 1046 1799 ita
1062 1733 1218 1818 explicari
1240 1751 1344 1816 posse,
1368 1733 1458 1815 quod

219 1836 352 1920 quidam
374 1835 437 1903 loci
452 1857 516 1903 non
539 1838 604 1903 sint
619 1838 688 1903 eius
710 1836 806 1916 modi,
829 1842 866 1902 nt
887 1842 985 1921 poeta
1008 1857 1055 1902 ex
1075 1835 1240 1901 affectu
1261 1837 1294 1902 in
1317 1835 1458 1919 figuram

219 1945 354 2006 coaetus
385 1945 479 2005 esset.
532 1940 585 2006 Sic
615 1941 698 2005 enirn
726 1940 1075 2024 Liesegangius1)
1109 1946 1142 2004 et
1173 1939 1458 2024 Nitzschius2)

220 2044 389 2109 metricam
413 2043 570 2111 rationem
593 2044 627 2108 in
649 2043 770 2110 talibus
786 2043 993 2127 apostrophis
1014 2042 1195 2109 iudicandis
1218 2042 1458 2127 respieiendam
1572 2078 1573 2081 π

218 2168 288 2214 esse
320 2134 499 2230 putabant}
526 2148 629 2212 secuti
661 2153 735 2212 sunt
757 2146 830 2213 illos
853 2146 1218 2212 Ameis·Hentzius
1241 2146 1398 2212 addentes
1421 2147 1459 2209 in
1572 2130 1573 2159 ¹

222 2251 452 2316 commentario
475 2250 518 2315 ad
540 2252 673 2316 Homeri
689 2250 866 2335 Odysseam
888 2250 1045 2334 script0³)
1068 2251 1183 2330 versui,
1207 2251 1263 2334 qui
1286 2255 1335 2314 est
1357 2251 1372 2330 ξ
1397 2257 1457 2316 55;

218 2374 277 2420 aus
300 2353 385 2421 allen
408 2353 518 2420 diesen
542 2353 725 2438 Beispielen
748 2352 873 2433 erhellt,
896 2353 1033 2418 dassen
1057 2352 1109 2418 die
1131 2352 1230 2419 Stelle
1253 2353 1310 2419 des
1333 2358 1458 2437 gemiit-

218 2456 324 2523 lichen
349 2456 508 2536 Grundes,
539 2458 599 2521 wie
623 2478 658 2522 er
687 2457 739 2521 hei
763 2457 917 2523 Eumaios
946 2456 1011 2520 und
1034 2455 1204 2522 Patroklos
1229 2456 1263 2521 in
1285 2455 1459 2521 Wahrheit

218 2560 349 2630 bosteht
370 2560 435 2626 und
460 2560 560 2626 sehon
589 2581 649 2625 von
669 2560 730 2625 den
754 2559 956 2627 Scholiasteo
985 2582 1023 2625 zu
1048 2567 1085 2628 Π
1106 2565 1166 2626 787
1190 2558 1458 2644 hervorgehoben

218 2664 306 2745 wird,
325 2663 470 2748 zngleich
493 2663 576 2730 auch
599 2663 658 2730 das
680 2663 853 2729 Bediirfnis
876 2665 933 2730 des
957 2665 1072 2730 Verses
1093 2670 1239 2748 getreten
1259 2665 1311 2729 ist.
1356 2664 1457 2728 Haud

218 2790 294 2834 raro
315 2769 356 2835 ab
380 2768 452 2862 aliis
474 2790 602 2852 quoqne
617 2769 695 2833 viris
713 2768 817 2833 doctis
841 2769 988 2833 similiter
1009 2767 1187 2832 indicatum
1203 2772 1253 2832 est
1268 2767 1307 2832 de
1321 2767 1457 2851 quibus·

218 2873 293 2938 dam
319 2872 408 2951 locis,
438 2872 494 2938 ubi
523 2872 581 2938 illa
610 2872 829 2957 apostrophac
861 2873 985 2956 speeies
1014 2876 1118 2952 extat3
1155 2871 1266 2937 confer
1299 2870 1456 2949 Koeue,

219 2976 328 3042 Ueber
348 2975 400 3040 die
421 2975 566 3060 Sprache
582 2976 640 3042 der
661 2975 844 3041 rdmisohen
859 2975 981 3059 Epiker
996 2975 1156 3060 (Miinster
1174 2977 1269 3057 1836)
1285 2997 1316 3058 p.
1334 2980 1384 3055 31,
1403 2981 1456 3053 47,
1574 2991 1575 2994 ’

220 3086 290 3157 119,
307 3084 385 3159 206;
408 3078 566 3159 Keller,
589 3079 848 3144 Grammatische
865 3078 1016 3143 Aufs‘atze
1032 3079 1131 3162 (Lips.
1146 3080 1242 3163 1895)
1257 3101 1288 3162 ρ.
1302 3083 1455 3159 198sqq.;

218 3182 429 3261 Bednara,
453 3181 493 3246 de
516 3204 663 3247 sermone
679 3182 912 3268 dactylicorum
928 3183 1116 3274 Latinorum
1140 3184 1354 3265 quaestiones,
1394 3182 1455 3246 Ca-

218 3285 318 3351 tullus
335 3291 368 3350 et
382 3285 515 3351 Ovidius
531 3286 648 3370 quibus
664 3285 845 3374 rationibus
860 3286 1003 3369 linguam
1018 3293 1121 3352 metro
1138 3284 1455 3354 accommodaverim

218 3389 350 3472 (Archiv
365 3389 418 3454 fiir
433 3389 489 3455 lat.
506 3390 763 3474 Lexikographie
779 3390 845 3454 und
862 3389 1065 3455 Grammatik
1079 3389 1138 3453 Bd.
1149 3389 1226 3454 XIX
1241 3389 1332 3453 Fasc.
1344 3393 1362 3452 3
1374 3394 1407 3452 et
1419 3395 1454 3468 4)

216 3515 247 3577 p.
265 3499 336 3563 568.
356 3532 400 3540 -
421 3493 643 3559 Nordenus
665 3495 699 3557 in
715 3495 946 3558 commentario
962 3492 1179 3558 adAeneidos
1193 3493 1312 3557 librum
1326 3498 1454 3557 sextum

218 3599 341 3680 scripto
357 3597 499 3681 explicat
513 3597 683 3662 nonnullas
699 3596 813 3662 talium
826 3596 1098 3679 apostropharum
1113 3596 1232 3678 partim
1244 3618 1283 3659 ex
1298 3597 1454 3660 interiore

217 3701 336 3784 partim
360 3722 400 3765 ex
420 3722 508 3766 mere
531 3702 666 3766 metrica
689 3700 739 3765 vel
760 3700 889 3765 formali
911 3700 1036 3764 ratione
1064 3699 1197 3783 (confer,
1220 3698 1307 3781 quod
1328 3698 1456 3763 addidit

218 3804 365 3869 versibus
390 3811 428 3871 18
445 3811 478 3869 et
494 3807 557 3887 30).
579 3842 623 3871 «-
650 3805 896 3870 Weidnerus
920 3805 953 3867 in
977 3805 1206 3888 commentario
1230 3803 1271 3867 ad
1295 3803 1455 3867 Aeneidos

217 3907 319 3973 libros
334 3908 473 3990 primum
491 3914 524 3972 et
538 3908 714 3972 secundum
729 3908 851 3991 scripto
867 3906 967 3972 rerba
989 3907 1068 3971 lacit
1084 3905 1123 3971 de
1138 3907 1346 3991 apostropha,
1369 3928 1455 3990 qnae

217 4010 337 4095 legitur
356 4014 433 4076 Aen.
455 4011 556 4090 1156,
588 4033 686 4095 quam
708 4021 770 4075 non
794 4010 923 4075 dubitat
946 4011 987 4075 ab
1008 4011 1127 4076 affectu
1149 4018 1266 4095 poetae
1295 4017 1454 4095 repetere.

306 4220 330 4285 1)
348 4217 485 4288 Philolog.
504 4217 548 4272 VI
566 4237 593 4287 p.
606 4220 672 4272 563:
699 4217 776 4272 Zwei
793 4218 1093 4288 Eigentiimlichkeiten
1111 4218 1159 4271 des
1178 4220 1218 4273 16.
1238 4237 1262 4272 u.
1283 4221 1322 4273 17.
1341 4218 1454 4272 Bnches

217 4305 267 4359 der
283 4304 363 4359 Jlias.

303 4393 332 4458 2)
351 4391 392 4447 cf.
410 4393 427 4446 l.
447 4410 467 4447 s.
481 4409 501 4445 s.
1472 4454 1476 4460 ,

304 4480 329 4545 3)
349 4479 469 4549 Anhang
487 4499 521 4533 zu
540 4478 660 4533 Homero
679 4478 811 4549 Odyssea,
831 4479 1039 4549 Schulausgabe
1057 4499 1083 4533 v.
1102 4481 1242 4549 Ameis,
1265 4499 1319 4535 neu
1337 4484 1453 4553 besorgt

217 4581 273 4621 von
292 4565 451 4635 Hentze,
468 4566 587 4637 Leipzig
606 4568 680 4620 1895.
