3167 5250
743 452 958 514 ..24-

232 619 407 703 (Vergilius
429 619 572 685 admittit
594 620 760 686 elisionem
774 622 808 706 ι).
857 624 1011 702 Cunarum
1035 622 1199 717 igiturne
1221 642 1281 705 per
1303 622 1472 690 elisionem
1544 616 1545 621 ’

232 722 361 805 quidem
390 729 494 788 metro
523 724 631 808 aptari
658 730 775 809 potest.
828 724 949 789 Eodem
980 726 1076 801 modo
1098 725 1213 791 iudico
1244 726 1285 790 de
1322 728 1474 794 versibus

232 826 287 909 qui
316 831 391 891 sunt
413 825 488 895 Met.
510 827 588 892 Xlll
610 832 769 911 483sqq.:
903 834 1004 909 Teque
1030 840 1164 909 gemunt,
1193 835 1289 909 uirgo,
1318 841 1417 910 teque,
1453 854 1474 901 o

231 936 318 994 modo
349 935 439 1010 repta
472 936 625 1008 coniunx,
658 936 759 1012 Regia
797 938 1038 1012 meta-parens,
1072 939 1164 998 Asiae
1189 938 1329 1012 florentis
1358 939 1474 1016 mapa,

233 1037 321 1096 Nune
335 1038 424 1097 ettam
437 1039 580 1112 praedae
593 1040 675 1099 mab
684 1055 763 1111 sors,
787 1057 877 1114 quarn
892 1041 987 1100 uictor
1000 1040 1103 1101 Ulixes
1119 1041 1195 1101 Esse
1209 1058 1296 1101 auam
1311 1043 1404 1101 renuet
1426 1087 1473 1102 .,.

318 1136 421 1200 Simili
452 1136 548 1200 modo
580 1137 882 1202 misericordia
916 1144 1033 1222 poetae
1066 1138 1172 1204 elucet
1202 1161 1242 1205 ex
1270 1141 1476 1225 apostropha
1502 1154 1506 1160 '

232 1237 355 1322 Iphidis
366 1238 455 1324 (Met.
465 1239 511 1304 111
524 1242 609 1324 715),
623 1240 757 1324 virginis
768 1242 915 1320 miserae,
931 1264 1027 1325 quam
1041 1243 1089 1307 sic
1100 1242 1260 1309 dicentem
1271 1243 1476 1328 actinosa:

236 1347 310 1419 (luta
331 1364 377 1406 rue
398 1354 500 1407 manet
520 1348 631 1421 exitus,
653 1350 764 1423 iuquit,
789 1349 916 1424 Cognita
939 1368 1028 1425 quom
1052 1352 1139 1423 nulli,
1166 1369 1259 1427 vquam
1276 1352 1476 1428 prodigiosa,

233 1466 388 1526 novaeque
419 1449 501 1511 Cura
530 1456 612 1512 tenet
640 1452 783 1512 ueneris?
829 1448 870 1512 lit
898 1456 1013 1531 postea
1042 1451 1083 1533 (v.
1115 1452 1205 1534 735):
1247 1454 1355 1515 Vellem
1386 1458 1476 1516 nulle

233 1550 349 1624 sorem!
371 1599 379 1614 .
403 1599 410 1615 .
434 1599 441 1615 .
465 1599 473 1615 .
518 1550 597 1616 Cum
619 1571 696 1616 vero
717 1556 835 1634 poetae
858 1551 1011 1637 dactylici
1032 1554 1151 1618 aetatis
1176 1556 1362 1637 Augusteae
1386 1554 1476 1619 elisi·

234 1673 329 1717 onem
348 1653 381 1718 in
406 1653 463 1717 tali
486 1652 599 1731 iorma,
627 1675 725 1736 quam
745 1654 883 1738 praebet
904 1655 1033 1721 dativus
1055 1661 1170 1736 Ipniai,
1200 1678 1265 1722 non
1287 1657 1476 1737 admittant,

233 1755 365 1820 evitavit
388 1756 520 1821 Ovidius
534 1756 595 1820 bic
617 1778 745 1840 quoque
767 1778 827 1841 per
850 1758 1018 1842 enallagen
1040 1781 1136 1825 casus
1159 1781 1278 1839 vocem,
1302 1781 1386 1844 quae
1409 1783 1473 1845 pen

234 1880 268 1924 se
290 1864 433 1924 ametro
456 1858 664 1925 abhorrebat.
702 1860 783 1925 [bid.
799 1867 872 1942 191,
895 1862 1115 1941 Remanent,
1140 1866 1246 1928 Amor.
1262 1863 1292 1928 11
1320 1869 1368 1945 ta,
1392 1870 1432 1929 22
1445 1865 1476 1948 3)

232 1963 298 2028 illis
314 1958 469 2048 exemplis
485 1963 661 2031 asserenda
676 1970 760 2044 suut,
783 1965 869 2047 quia,
898 1966 958 2031 nisi
982 1967 1182 2051 apostropha
1204 1966 1353 2035 adhibita
1375 1975 1476 2048 esset,

234 2088 293 2150 per
313 2066 517 2150 iniquitatem
541 2065 712 2132 verborum
738 2105 777 2118 -
804 2090 914 2133 omnes
930 2091 1025 2134 voces
1047 2069 1208 2154 incipiunt
1230 2093 1251 2135 a
1273 2092 1416 2137 consone
1430 2110 1476 2120 —

234 2176 326 2235 ortae
349 2176 457 2235 esseut
478 2170 602 2235 formae
619 2172 758 2255 speeiem
775 2173 887 2237 cretici
907 2175 1118 2256 praebentes:
1141 2179 1302 2255 Sisyphus,
1325 2178 1476 2252 Sithonia,

234 2280 384 2355 Phyllidis
390 2299 402 2351 ;
429 2273 576 2339 similiter
597 2273 767 2340 habuisset
789 2275 895 2341 forma
915 2282 1038 2341 Sidonis
1058 2277 1091 2341 in
1114 2298 1208 2343 versu
1231 2277 1287 2361 qui
1310 2284 1361 2343 e'st
1382 2278 1474 2344 east.

234 2379 263 2444 V
286 2378 385 2461 6104)
408 2377 530 2442 nullum
549 2377 666 2442 ‘loouna

320 2481 436 2546 Adhuc
458 2486 584 2546 tentum
602 2483 642 2549 de
665 2482 712 2547 eis
734 2483 889 2567 exemplis
910 2484 1059 2563 tractavi,
1083 2483 1200 2567 quibus
1222 2483 1256 2549 in
1278 2485 1477 2569 explicanda

236 2584 438 2670 apostropha
459 2584 517 2649 illa
539 2584 675 2651 metrice
697 2584 873 2652 difficultas
895 2587 1083 2667 formarum,
1112 2609 1197 2672 quae
1219 2588 1373 2660 creticam
1398 2610 1477 2658 con·

234 2691 348 2769 tinent,
364 2695 519 2773 superata
534 2688 714 2755 accedebat
726 2691 768 2756 ad
784 2691 970 2758 interiorem
987 2693 1146 2757 rationem
1163 2693 1476 2776 misericordiae

237 2800 270 2857 et
292 2793 461 2858 doloris:
506 2793 606 2858 Verte
625 2793 690 2857 iam
714 2792 826 2859 oculos
847 2795 889 2858 ad
917 2795 1033 2875 locum,
1063 2816 1157 2877 quem
1182 2794 1320 2877 legimus
1341 2797 1476 2866 Heroid.

236 2897 280 2962 VI
301 2898 359 2964 48:
393 2903 475 2974 Quia
495 2901 549 2962 tibi
569 2918 636 2961 curn
651 2904 772 2977 pauiu,
805 2904 909 2963 nauita
934 2904 1041 2980 Turba,
1068 2906 1156 2964 meu?
1201 2899 1346 2966 Perbene
1371 2901 1477 2986 expli·

237 2998 327 3065 cabis
348 3000 432 3064 hanc
448 2999 679 3084 apostropham
694 3001 741 3065 ita
757 3007 793 3065 ut
808 3000 898 3066 dicas
920 3008 1037 3086 poetae
1053 3002 1086 3066 in
1102 3003 1210 3068 auimo
1229 3002 1330 3069 fuisse
1346 3004 1477 3074 odium

237 3108 271 3168 et
291 3102 437 3186 indign
450 3104 633 3170 ationem
656 3103 850 3187 significare,
866 3127 962 3188 quam
979 3104 1123 3171 habebat
1135 3105 1321 3191 Hypsipyle,
1337 3107 1478 3191 decepta

236 3228 296 3291 per
315 3207 471 3285 Iasonem,
492 3208 525 3272 in
548 3208 798 3290 gubernatorem
815 3208 1087 3291 Argonautarum,
1110 3210 1166 3293 qui
1187 3231 1301 3276 navem
1318 3210 1360 3280 ad
1375 3211 1477 3278 litora

238 3310 372 3375 Lemnia
393 3309 516 3395 pellens
538 3332 638 3400 eausa
659 3311 759 3376 fuerit
781 3312 901 3378 doloris
927 3314 1050 3377 summi.
1096 3311 1198 3378 Simul
1219 3335 1296 3378 vero
1317 3315 1478 3381 concedes

237 3413 359 3479 formas
388 3421 421 3479 et
449 3420 584 3506 navitae
602 3421 634 3480 et
664 3420 773 3497 Tipbyi
803 3415 918 3480 nullo
950 3416 1068 3481 modo
1096 3416 1130 3480 in
1160 3422 1299 3482 metrum
1333 3418 1478 3501 quadra—

237 3524 329 3588 turas
352 3517 472 3591 fuisse.¹
505 3518 606 3583 Porro
630 3519 702 3602 quis
720 3526 817 3602 neget
838 3519 1180 3603 indignationem
1204 3526 1237 3585 et
1257 3520 1478 3590 horrorem

238 3628 354 3705 poetae
383 3622 481 3687 insita
503 3644 573 3688 esse
595 3622 742 3688 versibus
765 3624 821 3705 qui
850 3623 1003 3706 leguntur
1025 3623 1107 3688 Met·
1125 3624 1186 3689 llll
1211 3628 1367 3708 219sqq.:
1397 3631 1478 3691 Nam

239 3729 302 3801 tibi,
332 3745 491 3792 saeuorum
520 3732 695 3791 saeuissime
726 3731 957 3805 Centaurorum,
985 3733 1110 3808 Eurutc,
1141 3749 1231 3808 quam
1260 3733 1338 3806 uino,
1365 3739 1478 3809 peetus

240 3840 300 3893 tan
320 3833 440 3906 uirgine
462 3835 527 3894 uisa
543 3835 649 3907 Ardet,
673 3843 702 3895 et
724 3835 857 3896 ebrietas
878 3837 1033 3911 geminata
1054 3836 1181 3897 libidine
1194 3843 1315 3910 regnat.
1353 3837 1479 3898 Saeuis-

238 3937 313 3996 n'uro
336 3936 453 4012 Euryto
475 3937 583 3998 antem
608 3940 753 4020 ametro
783 3936 956 4018 respuitur.
1002 3934 1155 4018 Reliquos
1179 3935 1268 4001 locos
1290 3936 1480 4019 Ovidienos,

239 4034 296 4101 ubi
321 4053 374 4099 res
395 4035 542 4101 similiter
564 4058 598 4102 se
620 4036 729 4116 hebet,
757 4039 837 4103 satis
860 4038 964 4104 babeo
988 4060 1207 4120 enumerasse3
1222 4040 1479 4122 ‘quosinvenist

329 4245 354 4311 1)
373 4244 414 4298 of.
432 4244 610 4313 Franzen,
636 4244 730 4300 Ueber
755 4245 808 4298 den
826 4245 1013 4301 Untersebied
1035 4246 1084 4301 des
1101 4245 1286 4301 Hexemeters
1310 4246 1356 4302 bei
1375 4246 1478 4318 Vergil

239 4329 296 4383 und
314 4330 407 4384 Horas
426 4330 515 4401 (Prgm
533 4331 644 4386 Oreield
663 4333 739 4400 1881)
757 4349 784 4400 ρ.
805 4333 836 4385 12
843 4350 882 4401 aq.

325 4419 353 4484 2)
372 4416 413 4471 Of.
432 4417 501 4476 Met.
519 4416 631 4488 lxma
640 4436 698 4487 sqq.

327 4505 356 4569 3)
373 4502 420 4560 De,
435 4504 488 4558 hoc
506 4505 568 4558 loco
588 4503 668 4557 simul
688 4504 783 4558 confer
802 4506 876 4573 quod
894 4505 985 4566 dicam
1003 4525 1029 4575 p.
1042 4508 1083 4560 27.

327 4590 354 4657 4)
375 4588 418 4643 Ile
436 4590 490 4644 hoc
508 4608 589 4644 versu
605 4590 668 4644 vide
687 4590 762 4659 quod
779 4590 879 4644 addam
897 4611 924 4661 p.
937 4594 977 4645 30.
