3167 5250
632 453 849 512 ..41-

114 622 258 689 lentae
280 621 622 689 enumerationes
651 620 807 704 optime
833 621 1120 684 variarentur.
1166 617 1255 682 Haec
1278 635 1354 681 vero

116 726 349 805 commoda,
379 746 463 810 quae
485 726 618 810 saepius
639 724 707 789 sine
731 723 830 789 dubio
855 722 1044 788 acciderunt
1065 726 1186 787 temere
1216 741 1255 785 ac
1278 740 1356 785 casu

114 832 223 914 poetis
251 830 371 908 insciis,
400 850 527 913 semper
557 833 664 893 autem
696 827 785 892 nullo
809 826 903 891 modo
927 846 982 891 000
1004 825 1147 907 effugere
1169 829 1355 909 potuerunt,

113 934 240 1017 figurae
263 933 394 999 fuerunt
417 954 540 998 summo
563 930 837 997 incommodo.
882 930 1065 994 Invenimus
1089 928 1173 994 enim
1196 926 1354 1010 exempla,

115 1036 174 1102 ubi
201 1036 401 1120 apostropha
429 1040 555 1100 tantum
583 1035 712 1099 illorum
738 1034 977 1098 commodorum
1001 1033 1111 1120 gratia
1136 1031 1262 1096 adscita
1285 1036 1357 1095 erat

116 1140 238 1205 affectu
254 1138 442 1223 aliquonon
458 1143 599 1218 extante,
622 1137 694 1203 ubi
717 1136 896 1221 delapsa
918 1135 1046 1201 estad
1068 1135 1234 1218 figuras
1253 1154 1355 1199 mere

117 1243 421 1327 grammaticas.
465 1241 561 1307 Tales
595 1240 814 1326 apostrophen
848 1245 956 1305 autem
988 1246 1084 1304 eraut
1114 1238 1207 1304 nobis
1236 1238 1356 1322 impro-

115 1345 246 1411 bandae
275 1351 309 1410 et
337 1345 579 1430 vituperandae,
612 1366 683 1409 cum
718 1344 843 1409 aversio
871 1344 905 1407 in
934 1364 1105 1427 personam
1137 1342 1279 1425 aliquam
1306 1340 1357 1404 vel

115 1450 256 1515 bestiam
286 1449 336 1514 vel
365 1470 433 1514 rem
459 1449 547 1514 iusto
573 1448 643 1514 iure
673 1447 823 1513 adhiberi
847 1447 950 1532 possit
978 1446 1081 1512 solum
1109 1445 1168 1510 1011
1190 1445 1272 1524 1000,
1300 1443 1356 1510 ubi

116 1553 227 1637 aliquo
250 1552 346 1619 modo
369 1574 614 1618 commovemur.

205 1657 297 1737 Quod
313 1655 431 1720 attinet
442 1655 483 1720 ad
496 1676 664 1720 numerum
676 1654 949 1739 apostropharum
964 1653 1194 1733 adhibitarum,
1210 1652 1357 1736 sequitur

117 1783 158 1826 ex
179 1759 335 1844 exemplis
357 1758 466 1827 allatis
487 1759 626 1843 primum
655 1757 784 1840 quidem
809 1757 1000 1823 Ovidium
1030 1757 1192 1821 omnino
1223 1755 1357 1820 fuisse

52 1861 57 1874 '
117 1863 354 1929 uberiorem
376 1863 417 1927 in
441 1861 606 1945 figurae
629 1883 705 1926 usu
729 1861 935 1944 Vergili0,
964 1867 1034 1926 tum
1063 1882 1139 1926 vero
1169 1860 1358 1925 carmina

118 1967 288 2051 singula
321 1966 548 2048 utriusque
580 1971 734 2050 poetae
769 1965 882 2030 inter
913 1987 953 2030 00
982 1964 1241 2049 discrepare,
1270 1962 1357 2045 quod

117 2072 239 2155 optime
259 2068 437 2153 intelleges
450 2091 490 2134 ex
512 2069 574 2134 hac
597 2069 859 2134 enumeratione:
883 2068 969 2153 apud
994 2067 1227 2152 Vergilium
1249 2066 1356 2131 inveni

117 2174 350 2259 apostropham
385 2179 419 2237 et
450 2175 483 2237 10
511 2173 653 2238 Aeneide
683 2178 716 2236 et
751 2172 783 2238 iu
816 2172 984 2255 Georgicis
1016 2172 1146 2236 circiter
1182 2171 1356 2236 centesimo

116 2278 316 2361 octogesimo
338 2297 467 2360 quoque
489 2298 594 2355 versu,
623 2277 656 2341 in
679 2275 809 2359 Eclogis
833 2276 963 2340 circiter
994 2275 1195 2358 sexagesimo
1226 2295 1355 2358 qnoque

116 2403 229 2460 versu,
268 2379 355 2465 apud
385 2379 575 2445 Ovidium
607 2381 641 2444 in
671 2377 989 2464 bletamorphosibus
1021 2379 1151 2443 circiter
1181 2379 1355 2443 centesimo

97 2485 270 2573 ‘vicesimo
292 2504 422 2567 quoque
447 2504 552 2562 versu,
574 2483 682 2548 Fastis
706 2483 836 2547 circiter
859 2484 1137 2567 quinquagesimo,
1167 2484 1234 2546 Art.
1259 2486 1355 2546 amat.

117 2589 249 2654 circiter
271 2586 481 2671 sexagesimo,
504 2585 599 2652 Trist.
624 2586 753 2652 circiter
776 2587 952 2654 centesimo
969 2586 1227 2672 quadragesimo,
1249 2588 1355 2651 Amor.

118 2693 250 2757 circiter
266 2692 440 2756 centesimo
456 2691 608 2758 vicesimo
624 2688 774 2769 secunde,
798 2691 929 2756 Remed.
946 2692 1020 2757 circ.
1037 2692 1355 2774 duodesexagesimo,

116 2795 250 2861 Heroid.
275 2795 404 2859 circiter
425 2794 644 2860 ducentesimo
667 2795 840 2873 tricesimo,
863 2795 964 2880 Epist.
981 2817 1021 2862 ex
1042 2795 1074 2859 Ρ.
1092 2795 1222 2860 circiter
1237 2794 1356 2859 ducen-

116 2900 234 2963 tesimo
263 2899 376 2981 quinto
408 2897 542 2977 decimu,
576 2898 667 2962 Ibide
690 2898 820 2963 circiter
843 2897 1063 2964 ducentesimo
1086 2904 1203 2983 quarto
1231 2897 1355 2962 decimo

118 3022 248 3086 quoque
277 3023 389 3080 versu,
424 3000 538 3066 Medic.
572 3002 633 3066 fac.
662 3001 735 3066 fem.
767 3002 855 3067 nullo
890 3002 973 3068 1000.
1033 3003 1097 3068 Sed
1126 3002 1234 3068 omnia
1273 3000 1356 3064 11060

119 3105 307 3170 discrimina
326 3104 470 3188 intellegi
490 3110 626 3189 possunt
649 3127 689 3170 011
712 3106 767 3184 010,
803 3128 886 3190 quae
910 3106 950 3171 de
967 3108 1094 3172 ratione
1117 3107 1202 3171 etri
1230 3105 1355 3188 figurae

118 3209 335 3293 exposuimus.
380 3208 458 3273 Cum
482 3208 714 3293 apostropham
740 3216 828 3275 recte
859 3209 1016 3276 adscitam
1040 3210 1082 3275 ab
1106 3210 1225 3276 affectu
1247 3209 1356 3293 aliquo

118 3312 261 3397 pendere
284 3334 365 3397 opus
394 3313 445 3392 sit,
474 3313 613 3397 primum
642 3313 772 3397 quidem
799 3315 1005 3399 'respicienda
1027 3321 1077 3380 est
1098 3321 1217 3380 natura
1238 3320 1355 3398 poetae

118 3416 230 3501 ipsius,
253 3438 329 3480 num
351 3414 447 3480 100110
470 3422 719 3496 commoveatur,
743 3440 820 3482 num
843 3419 984 3483 animum
1005 3419 1182 3483 excitatum
1206 3417 1357 3482 cohibere

118 3520 230 3604 possit.
276 3518 395 3598 Quodsi
416 3520 449 3584 10
472 3519 667 3585 carminibus
684 3520 850 3586 Ovidianis
872 3522 1026 3587 maiorem
1051 3521 1356 3597 011100011010111110

120 3622 394 3707 apostropharum
417 3623 605 3703 invenimus,
629 3645 710 3707 quas
726 3645 766 3688 ex
787 3624 906 3690 affectu
929 3633 1046 3710 poetae
1066 3625 1259 3711 profluxisse
1274 3625 1357 3689 veri·

120 3726 223 3792 simile
246 3733 296 3791 est
319 3727 373 3810 (cl.
390 3727 537 3811 exempla
560 3727 709 3812 partibus
728 3731 753 3792 Α
773 3734 806 3793 61
828 3728 853 3791 Β
876 3735 1035 3811 11061010,
1059 3729 1263 3814 respicienda
1280 3735 1357 3794 sunt

118 3829 176 3895 illa
209 3850 345 3913 quoque,
382 3829 438 3895 ubi
475 3831 693 3915 apostrophae
729 3854 788 3916 per
825 3832 983 3916 quasdam
1017 3855 1173 3918 personas
1207 3855 1227 3897 a
1259 3840 1357 3917 poeta

118 3933 288 4016 loquentes
307 3932 457 3998 inductas
478 3933 569 4015 fiunt,
593 3957 665 3999 cum
687 3935 864 4019 pleraeque
888 3958 999 4002 earum
1022 3938 1086 4002 sint
1109 3938 1177 4002 eius
1200 3937 1295 4016 modi,
1320 3942 1356 4000 ut

120 4036 215 4102 simul
237 4057 277 4102 ex
299 4043 416 4121 poetae
438 4038 540 4121 ipsius
563 4039 670 4103 animo
692 4039 860 4123 profectae
889 4062 958 4105 esse
985 4039 1179 4125 videantur),
1208 4042 1356 4124 sequitur

119 4140 267 4206 Ovidium
284 4142 451 4225 scripsisse
466 4141 569 4207 videri
584 4144 687 4225 magis
703 4164 774 4207 cum
791 4142 914 4209 fervido
931 4145 1037 4210 animo
1054 4151 1087 4209 et
1106 4130 1241 4210 incitato
1257 4166 1355 4228 qua-m

119 4244 306 4328 Vergilium.
328 4245 490 4310 -Porro
514 4252 652 4330 apparet
674 4248 789 4312 summi
820 4249 972 4313 momenti
998 4249 1030 4312 in
1054 4248 1272 4333 apostrophae
1296 4270 1356 4313 usu

120 4370 191 4413 0000
236 4370 365 4432 genus
401 4351 647 4429 carminum,
683 4361 759 4415 num
790 4358 959 4416 versentur
995 4353 1027 4415 10
1067 4352 1220 4435 gravibus
1258 4351 1354 4417 factis

119 4451 349 4531 describendis,
371 4454 404 4516 in
420 4453 529 4517 multis
544 4453 726 4518 nominibus
742 4456 883 4539 propriis
899 4456 1195 4533 commemorandis,
1218 4456 1303 4520 unde
1319 4458 1355 4536 is,

119 4557 175 4640 qui
199 4561 321 4636 narrat,
354 4556 463 4641 aliquo
495 4556 599 4636 modo,
628 4558 694 4623 sive
723 4558 929 4626 veneratione
959 4560 1025 4624 sive
1054 4559 1266 4626 admiratione
1289 4560 1355 4626 sive

783 4670 796 4692 2
