3167 5250
732 489 949 550 ..52-

178 736 180 741 Ι
226 659 295 724 1111
327 658 426 724 dubio
461 659 581 745 optime¹
614 657 839 737 confirmatur,
870 657 955 742 quod
989 657 1191 722 Heinsius
1223 656 1263 723 de
1295 656 1466 723 Homeri

217 763 352 828 ratione
365 757 492 827 dicendi
502 761 665 826 iudicavit.
688 761 844 827 Similiter
855 761 1014 827 consentit
1024 757 1175 845 perbene,
1188 760 1273 844 quod
1285 761 1334 825 vir
1346 761 1466 826 doctus
1578 788 1579 829 3

226 867 267 931 de
296 865 520 951 Apollonio
551 863 708 930 Rhodio
742 863 838 944 dixit,
869 886 940 930 curu
968 886 1022 946 eo,
1053 864 1140 947 quod
1171 865 1204 928 in
1231 865 1463 948 Argonauticis

226 969 296 1035 eius
323 967 485 1034 invenitur
513 968 554 1033 de
583 966 640 1032 illa
667 968 782 1051 figura.
837 968 873 1033 ln
900 968 997 1034 huius
1026 968 1179 1033 carminis
1209 972 1292 1034 5833
1316 967 1467 1034 versibus

227 1073 311 1139 euim
340 1072 492 1156 leguntur
518 1077 644 1138 tantum
677 1076 801 1156 septem
832 1072 1049 1156 apostrophae
1065 1072 1108 1155 ¹),
1141 1070 1259 1155 quibus
1290 1077 1389 1156 poeta
1424 1093 1466 1136 ex

227 1177 347 1242 affectu
379 1197 413 1240 se
448 1175 645 1259 interposuit
681 1176 871 1241 narrationi.
930 1174 1083 1258 Reliquos
1116 1175 1316 1241 Graecorum
1348 1180 1466 1258 poetas
1579 1246 1580 1273 Ἰ

226 1280 445 1365 perlustrare,
475 1278 553 1362 quid
575 1279 756 1362 praebeant
782 1278 823 1344 de
853 1277 1068 1363 apostropha,
1097 1283 1225 1363 tempus
1248 1277 1327 1342 mihi
1351 1278 1467 1355 defuit,
1579 1280 1580 1303 ³

230 1383 317 1467 quod
339 1380 432 1448 valde
455 1382 560 1447 doleo.

315 1487 488 1551 Vertamus
510 1506 568 1550 nos
588 1485 689 1569 igitur
711 1486 753 1551 ad
776 1485 947 1563 Romanos,
969 1506 1104 1569 quorum
1129 1485 1348 1570 apostrophae
1371 1507 1466 1551 usum

229 1590 443 1670 cognovimns.
487 1589 525 1654 Io
555 1589 679 1672 magnis
710 1588 849 1654 heroicis
881 1589 1077 1654 carminibus
1101 1588 1318 1672 Vergilius
1344 1590 1378 1653 in
1408 1588 1468 1653 1111

231 1693 398 1759 aversione
415 1692 570 1759 dicendus
585 1697 635 1757 est
649 1692 866 1776 parcissimus.
905 1692 1003 1775 Atqui
1018 1692 1167 1759 inventae
1182 1693 1305 1758 suntin
1322 1692 1468 1757 Aeneide
1580 1706 1581 1773 ξ

230 1796 465 1882 quinquaginta
493 1800 561 1860 tres
590 1795 827 1880 apostrophae,
860 1816 997 1880 quarum
1030 1796 1139 1879 viginti
1173 1817 1238 1861 una
1267 1794 1335 1861 sine
1366 1795 1468 1860 dubio
1580 1784 1581 1829 f

227 1899 453 1985 profluxerunt
476 1920 516 1963 ex
537 1898 666 1978 affectu,
689 1920 761 1963 cum
777 1899 892 1983 viginti
915 1920 972 1964 sex
993 1898 1074 1964 locis
1093 1899 1205 1963 eadem
1227 1899 1363 1963 interior
1378 1900 1467 1964 ratio
1580 1922 1581 1925 ¹

229 2001 460 2068 verisimillima
489 2001 645 2068 videatur.
698 2002 747 2068 Ex
776 2003 827 2068 his
857 2002 1074 2086 quadraginta
1102 2008 1224 2087 septem
1256 2002 1467 2086 apostrophis

228 2106 312 2171 fiunt
332 2105 551 2192 septendecim
573 2127 631 2190 per
654 2106 811 2198 quasdam
834 2127 990 2190 personas
1024 2127 1043 2170 a
1073 2112 1171 2190 poeta
1209 2106 1380 2189 loquentes
1417 2106 1468 2169 in·
1580 2110 1581 2117 ’

229 2210 362 2291 ductas3
393 2209 502 2275 tricies
523 2231 604 2275 vero
621 2210 782 2293 Vergilius
808 2211 876 2293 ipse
907 2216 1030 2274 rectum
1055 2216 1153 2293 atque
1181 2211 1366 2276 institutum
1389 2230 1467 2273 nar-

229 2314 365 2379 rationis
397 2313 540 2379 ordinem
563 2312 619 2378 1111
650 2312 745 2378 modo
767 2314 905 2378 mutavit
934 2335 1010 2379 suos
1031 2314 1134 2396 ipsius
1156 2313 1293 2378 affectus
1322 2312 1469 2396 interpo·
1581 2298 1582 2351 1

230 2416 326 2507 nendi
354 2417 469 2500 gratia.
514 2416 548 2482 Si
570 2436 646 2480 vero
676 2415 872 2481 deliberabis
896 2416 1069 2482 Aeneidem
1097 2423 1245 2482 constare
1262 2422 1402 2501 ‚tantum
1427 2438 1470 2480 ex
1581 2408 1582 2481 ᾗ

230 2526 314 2588 9896
343 2519 490 2585 versibus
528 2526 626 2602 atque
664 2519 723 2584 hos
749 2540 900 2585 numeros
932 2520 1137 2603 comparabis
1165 2541 1237 2585 cum
1267 2520 1347 2599 illis,
1384 2540 1469 2603 quos

233 2624 439 2708 cognovimus
466 2623 552 2707 apud
575 2624 752 2689 Homerum
783 2631 817 2688 11
839 2625 1042 2709 Apollonium
1066 2624 1245 2704 Rhodium,
1273 2626 1342 2689 sine
1365 2624 1468 2690 dubio

231 2728 418 2795 assentieris
434 2727 512 2793 mihi
532 2728 751 2812 progredienti
770 2729 858 2793 ultra
877 2728 920 2806 id,
941 2728 1028 2812 quod
1046 2728 1248 2794 Heinsius
1267 2728 1288 2791 1.
1304 2749 1330 2792 c.
1346 2733 1469 2811 paor:

231 2833 286 2912 „ln
309 2832 367 2897 der
383 2831 527 2911 Aeneis“,
551 2831 666 2915 inquit,
689 2832 814 2910 „strebt
829 2831 940 2915 Vergil
961 2832 1020 2896 mit
1034 2832 1249 2897 Bewnsmsein
1271 2831 1324 2916 die
1340 2831 1468 2915 gleiche
1582 2833 1583 2862 ³

232 2934 445 3021 Objektiritiit
468 2935 548 3018 (scil.
571 2935 704 3000 Homeri
731 2941 764 3000 et
788 2934 961 3019 Apollonii)
993 2957 1051 3016 au;
1082 2935 1162 3001 aher
1175 2961 1177 2964 ·
1191 2956 1266 3000 man
1298 2935 1398 3001 meint
1428 2958 1470 3000 zu
1582 2953 1583 2956 ’

231 3037 378 3117 merkem,
408 3037 467 3103 wie
497 3038 619 3103 schwer
649 3059 683 3104 es
712 3038 778 3103 ihm
801 3039 890 3117 wird,
920 3039 966 3103 sie
988 3038 1239 3118 festzuhalten“;
1271 3043 1304 3104 et
1335 3046 1470 3122 postea:

118 3226 121 3231 ,
231 3143 298 3222 „Im
335 3141 562 3209 wesentlichen
605 3140 684 3207 aher
727 3141 845 3225 driingt
885 3141 944 3207 der
981 3141 1114 3207 Dichter
1150 3142 1339 3226 (Vergilius)
1377 3142 1469 3208 seiae

231 3245 449 3329 Empfindung
478 3243 680 3327 konsequent
709 3245 830 3311 zuriiclr
861 3246 926 3311 und
953 3245 1024 3311 h'alt
1052 3245 1121 3310 sich
1151 3245 1235 3309 nach
1256 3245 1471 3329 Miglichkeit
1582 3237 1583 3298 1

232 3370 274 3415 11
303 3349 355 3414 die
384 3348 527 3433 wenigen
557 3350 695 3413 Ansiitae
723 3371 762 3414 au
791 3348 994 3433 suhjektiven
1024 3349 1289 3432 Aeusserungen,
1320 3349 1372 3414 die
1401 3349 1470 3414 ihm
1582 3349 1583 3358 ’

232 3453 353 3519 Homer
375 3452 522 3518 darhot.“
567 3451 725 3535 Equidem
749 3472 864 3517 censeo
887 3452 1136 3535 Vergilium,
1166 3457 1325 3534 quantum
1348 3473 1388 3517 ex
1411 3453 1471 3517 1111
1582 3525 1583 3532 ἵ

233 3556 433 3641 apostropha
452 3552 590 3620 iudicari
615 3561 732 3639 potest,
756 3554 923 3638 aliquanto
947 3556 1049 3638 magis
1072 3575 1147 3620 snos
1170 3555 1306 3621 affectus
1322 3556 1472 3621 versibus
1582 3563 1583 3576 ¹

231 3659 463 3743 interposuisse
494 3680 590 3742 quam
610 3659 829 3724 Homerum
853 3666 885 3723 et
908 3658 1176 3742 Apollonium
1211 3664 1310 3743 atque
1340 3659 1473 3724 minime

233 3763 374 3829 animum
396 3763 444 3827 ita
465 3762 664 3839 cohibuisse,
694 3768 732 3827 ut
753 3762 956 3827 Heinzius
977 3761 1084 3827 verbis
1115 3784 1215 3847 supra
1244 3762 1352 3828 allatis
1382 3762 1473 3828 dicit.

319 3867 375 3947 Ex,
394 3866 621 3950 Argonauticis
647 3866 789 3931 Valeri
822 3866 966 3930 Flacci
999 3886 1098 3949 supra
1125 3865 1223 3932 'attuli
1251 3865 1474 3950 quadraginta

234 3972 298 4036 duo
322 3969 486 4054 exempla,
517 3969 574 4035 nbi
601 3968 801 4054 apostropha
830 3990 870 4033 ex
899 3968 1018 4034 affectu
1046 3969 1191 4054 intellegi
1218 3971 1342 4054 potuit;
1372 3976 1475 4054 poeta

237 4076 307 4158 ipse
323 4072 401 4139 fecit
415 4074 615 4139 aversionem
630 4073 718 4138 illam
734 4074 845 4137 tricies
860 4072 976 4153 semel,
991 4073 1032 4136 de
1046 4071 1170 4155 figurae
1185 4095 1246 4139 usu
1262 4074 1296 4138 P.
1312 4073 1474 4144 Terenti

233 4178 441 4242 Varronis
458 4178 642 4257 Atacini,
666 4177 721 4261 qui
742 4175 843 4241 multo
866 4181 964 4240 antea
980 4183 1175 4255 Argonautas
1189 4176 1239 4242 vel
1255 4183 1476 4257 Argonautica

234 4282 380 4365 scripsit,
415 4281 459 4345 nil
488 4282 569 4346 certi
600 4281 664 4346 dici
698 4286 824 4364 potest,
857 4281 1009 4363 quoniam
1042 4286 1146 4345 restat
1177 4286 1305 4345 tantum
1335 4282 1475 4365 exiguus

234 4404 387 4453 numerus
417 4405 583 4449 versuum:
616 4386 649 4448 in
678 4383 728 4448 his
758 4384 888 4448 circiter
914 4384 1027 4466 viginti
1056 4383 1202 4449 versibus
1234 4389 1359 4462 autem,
1389 4405 1477 4468 quos

289 4595 293 4604 '
325 4611 350 4678 1)
369 4608 386 4663 1
405 4607 633 4677 1311708;1v
650 4608 764 4676 411111
786 4608 1115 4677 rreesq.;1ass;14ss;
1140 4608 1213 4663 noc.
