3167 5250
731 423 946 484 ..44-

219 591 489 678 apostropharum
512 613 646 659 numero
672 592 745 657 illos
766 596 882 677 poetas
904 590 1075 670 studuisse,
1096 597 1134 657 ut
1155 591 1193 672 is,
1213 590 1270 676 qui
1284 590 1456 670 narrabat,

216 718 309 761 suum
333 696 473 760 animum
497 695 663 761 cohiberet
680 718 758 762 neve
774 719 850 762 suos
866 694 1001 761 affectus
1016 696 1196 761 narrationi
1220 696 1456 779 interponeret.

220 800 282 864 Sed
299 800 365 865 noli
381 800 537 877 obliuisci,
557 800 642 883 quod
659 823 699 864 ex
715 799 912 865 carminibus
927 800 1035 865 allatis
1050 804 1163 864 extant
1183 804 1309 863 tantum
1326 819 1456 882 paucae

216 904 382 986 reliquiae,
413 925 453 968 ex
483 903 601 986 quihus
630 903 670 969 dc
701 905 852 969 universo
883 926 944 968 usu
974 902 1193 986 apostrophus
1222 902 1254 965 in
1286 902 1332 969 eis
1363 900 1456 965 facto

214 1006 352 1071 iudicari
375 1028 438 1071 non
461 1011 577 1091 potest,
606 1008 757 1090 quoniam
781 1028 859 1071 casu
882 1005 1030 1071 accidere
1054 1006 1207 1089 potuisse,
1233 1011 1270 1070 ut
1292 1004 1455 1088 reliquiae

215 1110 322 1193 figura
357 1110 413 1175 illa
449 1116 591 1189 careant,
620 1133 713 1176 nemo
756 1110 897 1193 negabit.
958 1109 1092 1174 Accedit
1130 1109 1196 1175 alia
1232 1130 1285 1173 res
1321 1108 1454 1172 minime

216 1213 430 1297 neglegenda:
459 1220 587 1278 constat
615 1216 698 1278 enim
726 1216 812 1279 inter
841 1236 951 1279 omnes
979 1214 1085 1297 poetis
1109 1213 1325 1279 Romanorum
1349 1233 1455 1295 usque

216 1316 258 1381 ad
286 1317 471 1382 Lucretium
484 1319 508 1402 1)
543 1317 642 1382 fuisse
672 1318 761 1382 illam
792 1317 920 1382 dicendi
949 1318 1118 1396 rationem,
1154 1317 1196 1381 de
1225 1337 1291 1398 qua
1320 1315 1453 1380 Cicero:

216 1427 260 1485 itu
275 1427 363 1498 culm,
385 1421 499 1504 inquit,
523 1426 737 1500 loquebamur:
760 1428 813 1501 qul
828 1433 873 1486 ert
888 1418 1018 1486 omullu'
1032 1426 1193 1500 princeps,
1217 1441 1277 1484 nou
1295 1423 1454 1497 ,omuibus

210 1528 380 1603 prirecepr“
405 1536 434 1588 et
459 1531 521 1588 ullu
549 1531 604 1588 illu
634 1531 746 1606 dipuu'
776 1532 911 1605 locoque,
940 1546 999 1589 nou
1026 1530 1175 1604 ,66666α
1206 1523 1340 1606 (Orator
1367 1526 1452 1604 161).

218 1627 288 1705 Quo
310 1627 405 1691 modo
427 1627 508 1692 haec
530 1650 582 1692 res
605 1634 638 1692 et
660 1626 877 1711 apostrophus
906 1618 984 1691 usus
1013 1628 1098 1692 inter
1126 1648 1160 1691 se
1184 1626 1356 1691 coniuncta
1378 1625 1454 1704 sint,

216 1729 314 1794 liceat
336 1731 413 1794 mihi
437 1730 592 1814 exemplis
613 1730 787 1796 illustrare.
833 1731 917 1813 Lege
933 1752 1053 1813 quaeso
1070 1730 1250 1794 Ennianum
1265 1750 1392 1793 versum
1411 1734 1453 1793 28

214 1832 403 1917 (secundnm
433 1833 566 1899 Vahlen.
599 1833 703 1917 ediul:
753 1838 824 1898 Cum
853 1856 943 1899 suevo
974 1839 1090 1899 obsidio
1120 1856 1248 1912 mupuua
1281 1837 1454 1897 Titanus
1498 1860 1502 1866 ·

210 1941 437 2015 premetur,
467 1944 523 2001 aut
545 1958 584 2001 ex
607 1936 710 2001 Lucili
740 1937 937 2002 carminibus
960 1959 1072 2001 versus
1094 1937 1110 2000 Ι
1135 1944 1253 2019 lilsqq.
1276 1935 1452 2019 (secedit.

216 2039 349 2122 Marx.):
388 2051 421 2104 ul
448 2045 539 2105 Nemo
561 2045 601 2104 rit
631 2053 768 2105 uestrum
800 2046 873 2120 quin
903 2052 957 2105 aul
978 2051 1074 2120 puter
1105 2045 1277 2119 optimus
1308 2045 1452 2116 diuum,

216 2153 270 2207 uul
296 2148 506 2222 Neptunus
529 2155 666 2222 puter,
697 2148 790 2208 Liber
820 2149 1024 2208 Saturnus
1050 2154 1174 2223 puter
1205 2148 1292 2207 Meus
1322 2147 1453 2206 Ianus

218 2251 414 2323 Quirinus
439 2258 533 2325 puter
563 2253 621 2311 siet
650 2268 687 2312 uc
718 2253 841 2312 dicutur
872 2255 916 2312 uel
942 2270 1044 2312 uuum.
1089 2246 1213 2326 Quibus
1234 2248 1267 2309 in
1291 2246 1452 2328 augustiis

215 2349 357 2413 metricis
385 2351 504 2414 versati
533 2356 641 2415 essent
669 2352 885 2434 posteriorum
913 2357 1094 2434 temporum
1126 2350 1259 2433 poetael
1304 2349 1369 2414 Eos
1401 2349 1453 2412 his

215 2453 248 2516 in
271 2452 417 2517 versibus
438 2473 477 2517 ex
499 2474 587 2517 mere
602 2454 738 2517 metrica
760 2454 886 2519 ratione
910 2475 944 2518 se
962 2454 1144 2536 confugisse
1162 2453 1204 2517 ad
1219 2451 1453 2544 apostropham

215 2577 275 2640 pro
306 2561 395 2620 certo
428 2560 578 2620 statuam.
624 2557 743 2620 Poetae
776 2562 902 2623 veteres
930 2557 1031 2640 igitur
1062 2556 1230 2623 habebant
1261 2556 1294 2619 in
1328 2555 1385 2619 illa
1417 2577 1454 2619 re

217 2660 372 2743 optimum
402 2660 589 2739 remedium,
618 2682 681 2744 quo
711 2660 917 2732 arcebantur,
947 2683 986 2725 ne
1009 2660 1208 2744 apostropha
1230 2659 1452 2724 abuterentur.

301 2783 319 2865 §
344 2786 393 2846 22.
439 2780 677 2860 Lucretius,
701 2803 797 2864 quem
821 2781 953 2846 eandem
975 2782 1132 2846 rationem
1150 2780 1277 2845 dicendi
1297 2780 1453 2845 habuisse

216 2906 315 2967 supra
345 2884 535 2963 audivimus,
565 2886 599 2949 in
624 2883 679 2949 ‘de
701 2907 810 2949 rerum
839 2882 970 2949 natura'
1000 2885 1093 2950 libris
1123 2906 1179 2949 sex
1210 2883 1345 2948 adhibet
1374 2904 1452 2966 apo·

107 2998 109 3003 '
218 2986 384 3071 stropham
416 2989 538 3052 semel
565 2989 596 3052 iu
620 2988 709 3053 tertii
739 2988 815 3052 libri
844 2989 946 3067 initio,
978 3011 1016 3052 ac
1039 2988 1168 3072 quidem
1192 2989 1261 3051 sine
1283 2986 1382 3051 dubio
1412 3007 1453 3050 ex

217 3092 492 3156 veneratione
530 3098 563 3156 et
598 3091 894 3170 admiratione,
933 3114 1031 3175 quam
1067 3091 1167 3156 hahet
1200 3092 1234 3156 in
1267 3090 1452 3173 Epicurum,

218 3202 311 3259 decus
338 3191 582 3273 Gruiue'peutr'r.
628 3195 721 3273 Quod
743 3216 819 3260 vero
841 3196 894 3259 hic
921 3203 1019 3279 poeta
1048 3203 1115 3259 tam
1145 3214 1264 3278 parcus
1292 3194 1455 3257 invenitur

217 3299 251 3361 in
272 3296 397 3381 figurae
418 3321 487 3376 usu,
518 3299 580 3362 hoc
602 3299 790 3381 intellegent
813 3320 932 3378 umnec,
957 3302 1012 3382 qui
1034 3300 1183 3381 legerunt
1204 3317 1343 3375 carmen,
1366 3296 1452 3379 quod

217 3400 264 3464 illi
287 3401 446 3465 aversioni
468 3402 597 3466 minime
628 3402 830 3485 aptissimum
861 3402 960 3467 luisse
983 3409 1129 3486 apparet.
1152 3439 1193 3451 —
1219 3400 1371 3466 Crebu‘or
1393 3400 1453 3464 luit

217 3505 250 3567 in
272 3504 377 3587 figura
399 3504 544 3588 aequalis
565 3504 695 3570 Lucreti
718 3505 909 3586 Catullus3
932 3507 1071 3590 primum
1095 3505 1224 3588 quidem
1247 3504 1451 3568 inveniuntur

217 3607 362 3671 nonnulli
376 3607 449 3687 loci,
471 3606 527 3671 uhi
543 3614 656 3672 extant
670 3608 898 3692 apostrophae,
921 3630 1003 3691 quas
1019 3630 1058 3672 ex
1074 3608 1244 3673 affectibus
1260 3607 1450 3692 quibusdam

216 3708 410 3793 profluxisse
425 3711 458 3775 in
475 3717 588 3793 aperto
604 3718 669 3792 est3
693 3733 773 3794 quos
788 3712 980 3794 legimusu:
1003 3717 1031 3790 3,
1055 3718 1109 3793 ¹33
1133 3717 1183 3788 63,
1207 3718 1241 3791 9;
1266 3716 1315 3790 65,
1340 3719 1450 3796 9866,

218 3819 268 3892 66,
303 3819 437 3897 21666,
472 3817 625 3896 893781),
660 3821 735 3897 2sq.
788 3815 955 3880 Accedunt
988 3815 1069 3879 talia
1100 3815 1257 3898 exempla,
1295 3836 1379 3897 quae
1413 3838 1450 3878 ex

218 3918 330 3981 eadem
350 3918 505 3982 interiore
528 3919 653 3983 ratione
677 3918 869 4002 explicanda
892 3940 962 3983 esse
985 3919 1143 3997 videntur,
1172 3918 1228 3983 uhi
1250 3939 1326 3982 vero
1348 3918 1450 4001 ligura

218 4022 446 4087 simul.metro
475 4021 584 4104 aliquo
615 4021 710 4087 modo
736 4030 816 4105 apta
844 4020 921 4103 luit3
956 4044 1039 4105 quae
1072 4021 1191 4086 hahes:
1226 4029 1255 4100 4,
1285 4020 1371 4106 13³),
1395 4027 1450 4106 263

305 4232 329 4295 l)
349 4229 458 4295 Confer,
485 4230 559 4297 quod
583 4230 661 4283 addit
678 4229 932 4286 Lachmannus
961 4229 1086 4284 Lucretii
1106 4230 1298 4283 commentarii
1322 4247 1350 4298 p.
1368 4230 1449 4297 28sq.

304 4317 333 4381 2)
352 4315 441 4369 citavi
460 4333 508 4369 ex:
529 4316 629 4370 Catulli
649 4315 818 4369 Veronensis
840 4317 919 4370 liber.
937 4315 1006 4370 Rec.
1025 4317 1126 4370 Aemil.
1144 4315 1343 4369 Baehrens.
1373 4314 1450 4368 Nova

217 4400 312 4455 Editio
332 4419 348 4454 a
365 4400 401 4454 Κ.
419 4402 449 4455 P.
470 4401 629 4455 Schulze
647 4419 713 4469 cur,
731 4401 807 4470 Lips.
831 4404 902 4456 1893.

305 4490 332 4555 3)
350 4487 535 4542 Baehrens
554 4489 582 4541 in
600 4488 799 4541 commentario
818 4487 882 4542 huic
902 4489 1088 4557 apostrophae
1108 4488 1199 4541 addit:
1278 4486 1335 4540 Hie
1352 4488 1451 4541 maiori

218 4571 305 4628 uuida
323 4574 387 4627 iude
405 4574 488 4641 locut,
515 4575 587 4643 quod
611 4576 668 4627 loru
689 4573 832 4643 phasellus
856 4591 884 4628 se
908 4567 1040 4629 conuertit
1056 4574 1096 4628 ud
1116 4575 1243 4643 patrium
1268 4578 1300 4627 ut
1325 4573 1391 4627 olim
1413 4575 1450 4627 sic
