3167 5250
749 453 965 513 ...20-

236 630 399 690 renaciar?
456 622 578 688 Partim
608 617 833 688 admiratio
861 626 995 706 poetae,
1023 619 1143 703 partim
1180 617 1481 683 misericordia
1571 604 1572 613 ¹

236 729 385 793 ridentur
406 726 486 790 mihi
508 726 606 791 insita
627 725 698 790 loco
722 726 778 808 qui
799 730 849 789 est
871 728 977 789 Amor.
1000 724 1098 802 1118,
1121 728 1162 788 45
1176 743 1240 805 sq.:

447 850 559 911 Contra
582 856 611 909 te
633 851 751 919 rollers,
774 850 926 909 bominum
946 853 1070 919 natura,
1090 844 1179 918 fuisti

444 955 482 1013 Ei
505 954 626 1013 nimiam
649 953 768 1013 damnis
790 954 951 1029 inpertiam
973 953 1052 1012 tais!

322 1090 385 1174 §t
419 1087 521 1152 Porro
539 1087 746 1152 inveniuntur
767 1087 864 1152 huius
887 1085 973 1152 modi
996 1085 1152 1170 exempla,
1175 1084 1229 1150 ubi
1254 1107 1293 1148 ex
1315 1083 1480 1149 affectu

236 1193 345 1275 aliquo
389 1191 588 1276 apostropha
628 1190 666 1254 fit
708 1190 741 1255 in
783 1189 942 1256 bestias
987 1189 1153 1273 quasdam.
1222 1188 1332 1267 Quid?
1369 1210 1480 1253 nonne

236 1294 474 1360 eoncedendum
507 1301 556 1359 est
598 1314 728 1358 corvum
765 1293 949 1378 loquacem,
986 1299 1117 1359 indicem
1149 1296 1380 1368 inexorabilem,
1420 1294 1481 1374 qui

235 1399 404 1483 pulchram
429 1398 633 1463 Larissaeam
656 1396 819 1462 Coronida
841 1396 995 1481 prodidit,
1024 1397 1225 1480 aptissimum
1257 1415 1327 1459 esse
1354 1394 1396 1460 ad
1428 1396 1480 1458 in·

236 1502 453 1586 dignationem
477 1500 704 1567 excitandam?
741 1501 864 1581 Quodsi
888 1500 1020 1565 Ovidius
1050 1501 1084 1564 in
1108 1498 1254 1564 versibus
1283 1519 1363 1582 quos
1394 1498 1480 1582 legis

237 1606 311 1670 Met.
328 1606 359 1671 11
375 1612 436 1671 534
448 1628 495 1691 sq.
519 1604 749 1689 apostropham
773 1604 931 1683 adhibuit,
957 1604 1041 1668 hanc
1066 1603 1187 1688 optime
1203 1602 1420 1685 intellegimus
1438 1624 1480 1666 ex

236 1708 437 1791 illoaffectu3
456 1709 539 1774 idem
558 1709 664 1775 elucet
674 1730 714 1773 ex
730 1708 930 1792 apostropha
943 1707 984 1770 ad
1002 1712 1190 1787 accipitrem,
1207 1728 1303 1790 quam
1316 1705 1479 1770 hahemus
1521 1706 1524 1715 '

236 1812 329 1877 Trist.
348 1813 363 1877 Ι
382 1820 408 1892 1,
422 1819 471 1890 76,
494 1813 551 1896 qui
566 1814 634 1877 avie
655 1833 759 1896 rapax
781 1816 935 1890 aaqaibas
950 1817 1016 1875 sair
1032 1815 1197 1876 columbam
1222 1816 1368 1874 sauciare
1390 1817 1478 1876 solet.
1571 1814 1572 1819 ’

237 1922 264 1982 Α
287 1915 578 1981 misericordia
600 1920 708 1980 autem
733 1915 961 1999 proficiscitur,
989 1912 1076 1996 quod
1098 1912 1235 1996 legimus
1258 1912 1345 1976 Fast.
1369 1912 1477 1990 1441,

236 2020 292 2085 ubi
315 2018 423 2103 agitur
446 2019 485 2083 de
508 2018 636 2099 avibus,
665 2024 788 2083 solaciis
811 2024 905 2090 raris,
936 2017 975 2081 de
999 2017 1061 2081 hoo
1083 2022 1214 2081 innocuo
1234 2037 1360 2095 qaaere,
1389 2016 1477 2099 quod

235 2129 302 2187 tam
329 2144 425 2207 saepe
449 2122 612 2188 caedatur.
632 2180 633 2183 ,
658 2121 752 2187 Tales
775 2123 1004 2186 bestiarum
1026 2121 1246 2185 invocationes
1273 2119 1359 2204 apud
1383 2120 1478 2185 Ver-

237 2227 382 2309 gilium
405 2248 468 2291 non
491 2227 607 2291 inveni.

320 2366 391 2449 §a
443 2365 590 2448 Denique
618 2369 732 2429 extant
769 2363 929 2428 eiusmodi
954 2363 1034 2442 loci,
1064 2362 1181 2446 quibus
1210 2383 1315 2427 sermo
1338 2364 1479 2427 vertitur

237 2467 277 2532 ad
300 2489 363 2532 res
387 2468 584 2551 quasdam
607 2468 825 2546 inanimus,
849 2472 886 2533 ut
909 2487 1006 2531 versu
1029 2468 1084 2550 qui
1105 2469 1224 2531 estha.
1242 2467 1343 2531 1156:
1370 2471 1477 2532 Traia-

237 2593 295 2652 qac
317 2592 400 2636 nanc
424 2583 538 2648 stara,
569 2576 745 2650 Priamique
773 2593 836 2636 arn
865 2578 929 2636 alta
958 2592 1108 2636 macerer.
1154 2570 1287 2635 Servii
1316 2571 1478 2635 sententia

237 2696 301 2757 qua
331 2674 516 2739 declaratur
541 2674 715 2757 Vergilium
746 2675 787 2739 ad
816 2674 1037 2758 usurpandam
1068 2674 1152 2738 hanc
1180 2673 1412 2758 apostropham
1438 2696 1477 2738 eo

206 2785 430 2844 commotum
459 2800 544 2856 esse,
579 2785 616 2842 ut
642 2779 780 2843 evitaret
807 2778 952 2863 syllabas
983 2777 1131 2841 similiter
1160 2777 1357 2855 desinentes,
1392 2800 1478 2862 quae

236 2882 421 2947 efficiuntur
436 2882 550 2946 formis
565 2892 702 2946 maneret
725 2889 757 2946 et
779 2893 888 2958 staret,
910 2882 973 2946 iam
992 2902 1011 2945 a
1035 2880 1242 2946 Weidnero
1266 2882 1299 2945 in
1315 2902 1477 2948 commen·

236 2986 320 3050 tario
341 3006 440 3069 supra
463 2985 549 3049 (11040
572 2986 694 3050 reiecta
718 2990 782 3065 est3
806 2985 915 3049 multis
938 2985 1021 3049 enim
1045 2983 1125 3049 locis
1147 2984 1241 3064 idem,
1266 3005 1329 3068 quo
1346 2984 1477 3049 Servius

237 3088 420 3168 offenditur,
443 3089 635 3153 invenimus:
659 3089 699 3152 cf.
724 3092 777 3153 Ae.
798 3089 922 3155 111549
947 3091 1130 3171 (relatarum
1153 3137 1210 3153 ...
1232 3091 1476 3171 antemnarum);

237 3195 313 3257 Aen.
331 3192 404 3255 Vlll
420 3198 459 3256 47
484 3195 586 3276 (acriis
607 3242 614 3256 .
632 3242 639 3256 .
657 3242 664 3256 .
689 3194 810 3273 artois),
835 3195 888 3256 Ae.
906 3192 1029 3257 111812
1053 3194 1209 3275 (instanlia
1231 3242 1238 3256 .
1256 3242 1263 3256 .
1281 3242 1288 3255 .
1313 3194 1476 3275 serenas),-

237 3296 354 3377 Georg.
377 3295 392 3358 I
416 3300 477 3360 226
501 3298 602 3379 (raaia
625 3345 682 3360 ...
708 3297 836 3378 aaronis),
865 3302 902 3359 ut
924 3292 989 3359 alia
1010 3297 1145 3359 mittam.
1191 3294 1368 3359 Audiamus
1388 3317 1475 3374 vero,

237 3398 314 3480 quid
338 3396 458 3462 iudicet
482 3397 723 3463 Weidnerus:
746 3399 788 3462 Es
813 3398 855 3462 ist
878 3399 930 3463 die
953 3405 1062 3477 raliqio
1085 3404 1153 3474 laci,
1177 3398 1297 3463 welche
1321 3398 1373 3462 dic
1389 3401 1476 3481 Apo·

237 3500 369 3585 strophe
398 3503 605 3566 veranlasste.
662 3503 721 3566 Die
750 3524 811 3566 ara
835 3507 966 3579 Priami,
1000 3504 1159 3585 Pergama
1190 3501 1268 3566 oder
1290 3502 1475 3585 Pergamon,

237 3627 303 3669 war
338 3606 616 3688 gewissermassen
641 3599 702 3669 ¹(lie
736 3612 825 3670 seder
859 3612 979 3685 imperii
1007 3617 1143 3686 sacrata.
1200 3605 1260 3669 Um
1291 3627 1354 3670 nun
1388 3605 1476 3670 disse

237 3708 354 3791 heiliga
371 3708 517 3773 Urstiitte
542 3730 603 3773 vou
628 3710 686 3773 der
708 3709 804 3773 Stadt
826 3709 928 3773 selbst
950 3731 988 3773 zu
1012 3708 1270 3786 unterscheiden,
1295 3708 1397 3773 daher
1418 3709 1477 3772 der

237 3811 386 3877 Wechsel
402 3823 500 3876 staret
576 3834 725 3876 maneres.
760 3811 901 3877 Freilich
917 3833 982 3875 war
1006 3814 1118 3894 gewiss
1142 3812 1225 3876 auch
1249 3812 1301 3876 (110
1318 3812 1478 3894 Nennung

238 3914 294 3978 des
316 3916 480 3994 Priamus,
511 3915 562 3980 die
585 3916 790 3999 Erinnerung
820 3938 861 3979 an
890 3914 951 3979 (100
974 3914 1247 3998 altehrwiirdigen
1268 3915 1390 3998 Kbnig,
1420 3916 1478 3980 der
1571 3993 1572 3998 γ

238 4019 297 4082 4014
313 4020 418 4083 001004
435 4019 521 4101 liurg
538 4020 632 4083 stand
649 4019 714 4083 und
730 4018 792 4099 fiel,
814 4019 903 4083 nicht
926 4017 1008 4083 ohne
1025 4019 1173 4083 Einfluss
1212 4019 1270 4083 Cui
1288 4017 1477 4083 Weidneri
1571 4003 1572 4050 ³

238 4120 445 4204 explicationi
478 4143 588 4185 omnes
616 4122 845 4202 assentiemur3
876 4123 952 4205 quin
984 4124 1067 4186 euim
1098 4122 1180 4186 tales
1210 4123 1294 4186 sacri
1323 4122 1387 4185 loci
1414 4123 1478 4185 sint
1571 4149 1572 4160 ¹

239 4225 316 4308 apti,
340 4226 457 4307 quibus
480 4225 606 4289 animus
621 4226 900 4289 vehementissime
917 4232 1166 4304 commoveatur,
1189 4247 1283 4290 nemo
1305 4224 1477 4303 dubitabit,
1571 4273 1572 4322 ,

239 4334 336 4410 atque
360 4328 441 4391 haee
466 4348 592 4411 quoque
615 4329 812 4393 inanimatae
842 4330 889 4393 rei
917 4327 1080 4393 adlocutio
1109 4328 1250 4412 perbene
1279 4328 1478 4410 intellegitur
1571 4329 1572 4382 1

240 4452 279 4494 ex
303 4433 415 4494 eadem
438 4434 591 4496 interiore
614 4434 758 4510 ratione,
785 4455 882 4514 quam
908 4451 1016 4517 supra,
1035 4433 1257 4514 cognovimuS,
1288 4433 1345 4496 ubi
1371 4453 1476 4496 sermo

239 4534 426 4599 vertebatur
455 4535 498 4601 ad
527 4534 679 4600 animalia
707 4537 878 4620 quaedam.
923 4537 1079 4602 Similiter
1108 4536 1212 4601 elucet
1240 4536 1477 4601 reverentia
