3167 5250
622 478 837 540 ..39-

109 644 169 710 illa
190 666 243 711 res
265 646 317 710 his
338 645 418 712 locis
442 645 581 713 fortasse
604 669 681 714 casu
705 669 744 714 ac
766 655 888 715 temere
912 649 1046 726 accidit,
1077 651 1206 736 saepius
1228 649 1345 717 funda·

110 756 256 816 mentum
286 751 504 835 apostrophae
534 774 573 816 ea
603 753 704 818 fuisse
733 753 813 818 mihi
842 754 971 838 quidem
1005 754 1141 821 videtur.
1197 758 1273 819 Aen.
1304 754 1347 819 Vl

110 861 170 920 841
192 876 262 938 sqq.
286 855 437 937 tegimus:
465 862 537 934 (inis
558 868 587 921 te
609 879 719 938 maana
747 861 829 935 Cato,
853 865 976 923 tacitum
991 869 1045 923 ant
1067 871 1105 935 te,
1133 863 1232 935 Casse,
1255 865 1346 923 relin-

111 965 208 1038 quat?
256 965 328 1037 {iuis
347 963 481 1024 Gracchi
502 981 600 1040 penus
620 971 674 1025 ant
688 968 834 1041 pernities,
857 968 916 1027 dna
931 964 1062 1038 fulmina
1078 967 1158 1040 tetii,
1174 968 1346 1042 Scipiadas,

110 1069 230 1128 cladem
253 1067 381 1144 libyae,
400 1085 561 1143 paruaque
576 1074 729 1142 patentem
753 1070 929 1129 Fabricium
950 1073 999 1130 ael
1019 1077 1048 1132 te
1068 1073 1169 1143 sulco,
1201 1071 1346 1140 Serrana,

108 1174 283 1231 serentem?
330 1174 393 1244 Otto
415 1169 530 1242 fessam
554 1173 675 1246 rapitis,
708 1173 818 1233 Fabii?
847 1180 907 1233 tum
932 1174 1083 1234 Maximus
1106 1176 1157 1233 ilie
1180 1192 1229 1246 es,
1266 1173 1347 1234 Unus

112 1276 273 1352 quinatis
302 1278 475 1337 cunctando
498 1277 641 1336 restitues
671 1280 755 1337 rem?
806 1274 840 1338 Si
862 1274 935 1356 quis
964 1273 1024 1339 has
1054 1272 1270 1356 apostrophus
1293 1295 1347 1337 ex-

110 1374 214 1459 plicet
235 1398 274 1440 ex
297 1376 404 1440 auimo
430 1378 555 1446 Aeneae
580 1378 858 1441 veneratione
880 1376 1028 1460 pertuso,
1056 1377 1090 1442 id
1113 1398 1175 1441 non
1197 1376 1346 1460 probem;

112 1480 244 1545 minime
267 1481 349 1544 enim
375 1478 452 1542 mihi
480 1479 678 1563 persuadere
700 1502 831 1564 possum
849 1487 980 1564 poetam
1003 1482 1173 1559 Catonern,
1204 1480 1347 1558 Cossum,

111 1586 303 1663 Serranum,
330 1583 447 1649 Fabios
470 1583 624 1649 habuisse
647 1583 825 1667 digniores,
853 1585 971 1667 quibus
993 1587 1119 1650 Aeneas
1140 1586 1172 1648 in
1196 1584 1346 1648 affectum

110 1687 279 1767 incideret,
302 1710 397 1771 quam
424 1687 597 1767 Gracchos,
620 1689 799 1772 Scipiadas,
823 1688 1018 1753 Fabricium.
1063 1688 1268 1754 Probabilius
1291 1687 1346 1751 ille

108 1792 233 1857 iudicet
255 1793 310 1875 qui
332 1793 365 1855 in
387 1793 491 1873 figura
516 1792 709 1875 explicanda
732 1814 751 1857 a
778 1795 915 1857 metrica
945 1793 1070 1857 ratione
1105 1792 1346 1877 proficiscatur:

110 1897 253 1961 omnium
270 1902 377 1961 tamen
392 1895 658 1961 verisimillimum
673 1902 752 1980 puto
767 1896 818 1960 his
832 1897 912 1961 locis
929 1896 1160 1981 apostropham
1172 1901 1347 1980 propterea

111 2001 272 2066 adscitam
296 2021 379 2079 esse,
411 2006 447 2063 ut
466 1999 554 2064 lenta
574 2000 715 2065 virorum
738 2001 910 2083 insignium
933 2002 1133 2066 enumeratio
1155 2002 1346 2065 variaretur.

111 2104 269 2170 Similiter
304 2103 376 2167 dico
410 2104 450 2168 de
488 2104 712 2187 apostrophis,
752 2126 837 2187 quae
867 2106 1074 2169 inveniuntur
1106 2104 1222 2187 Goorg.
1252 2104 1346 2170 1195

111 2217 146 2275 et
169 2215 238 2275 tot.
283 2207 353 2272 Non
376 2206 508 2271 dubium
533 2209 615 2272 enim
640 2208 718 2273 mihi
740 2208 881 2287 videtur,
903 2209 980 2291 quin
1004 2212 1109 2292 poeta,
1133 2209 1159 2272 si
1183 2209 1215 2271 in
1239 2207 1346 2271 animo

109 2312 280 2378 habuisset
295 2333 355 2394 per
376 2310 449 2375 illas
473 2311 656 2376 aversiones
680 2311 874 2395 significare,
897 2332 980 2394 quae
997 2313 1071 2375 vina
1092 2313 1153 2395 ipsi
1170 2312 1346 2395 praecipue

111 2417 250 2482 fuissent
272 2415 413 2479 iucunda
436 2422 533 2498 atque
558 2436 643 2491 rara,
666 2420 882 2499 usurpaturus
906 2416 1005 2480 fuerit
1026 2414 1162 2498 figuram
1182 2416 1214 2479 in
1242 2436 1347 2493 versu,

89 2521 169 2587 ,ubi
198 2519 429 2603 praedicantur
463 2541 523 2583 ren
559 2525 625 2599 ipse
656 2524 822 2584 Phanaeus
855 2526 887 2583 et
916 2525 1027 2598 arpitis
1059 2525 1174 2597 minor,
1208 2524 1258 2583 cui
1287 2540 1345 2582 non

112 2630 280 2691 certauerit
308 2629 380 2688 uita.
432 2623 587 2689 Metricae
617 2623 830 2689 difficultates
859 2645 899 2688 ne
921 2623 983 2688 hoc
1011 2624 1140 2707 quidem
1163 2624 1235 2687 loco
1264 2623 1347 2688 tales

112 2736 205 2810 sunt,
239 2735 276 2794 ut
311 2734 440 2812 poetam
472 2734 606 2812 propter
638 2728 711 2792 illas
741 2728 782 2792 ad
812 2727 897 2792 hanc
931 2727 1068 2810 figuram
1102 2726 1346 2792 adsciscendam

112 2839 246 2898 coactus
270 2854 339 2897 esse
362 2832 527 2912 videatur3
554 2833 651 2897 immo
674 2838 848 2915 utsupra,
878 2831 931 2895 hic
949 2853 1078 2914 quoque
1100 2832 1260 2896 evitata
1283 2837 1347 2895 est

112 2960 173 3023 per
197 2924 365 3019 enallagen
389 2958 483 3000 casus
506 2934 649 3001 eadem
671 2936 807 3001 forma
830 2935 1039 3000 orationis
1062 2935 1346 2999 continuatae.

112 3041 265 3106 Eiusdem
282 3040 408 3124 generis
424 3039 570 3123 exempla
586 3046 699 3104 extant
716 3039 831 3103 AenX
850 3043 976 3122 185sq,
993 3039 1107 3103 Mean
1123 3044 1194 3117 723,
1217 3039 1259 3102 VI
1277 3043 1347 3116 115,

113 3145 144 3210 X
160 3152 210 3219 99,
241 3147 309 3209 Art.
327 3151 423 3208 amat.
446 3143 477 3208 Il
494 3150 565 3221 589,
589 3146 695 3208 Amor.
716 3144 762 3208 lll
778 3149 807 3220 o,
825 3148 861 3208 31
882 3165 961 3227 sqq,
977 3142 1063 3207 Fast.
1081 3143 1126 3206 lll
1143 3148 1214 3222 721,
1238 3143 1281 3206 IV
1297 3148 1346 3207 43.

200 3249 245 3313 Ut
265 3248 472 3332 paragrapho
496 3246 737 3312 sextadecima
764 3247 994 3331 apostropham
1027 3246 1155 3330 saepius
1186 3245 1292 3311 abisse
1315 3248 1348 3310 in

112 3354 250 3437 figuram
273 3373 360 3417 mere
384 3352 645 3435 grammaticam,
675 3373 740 3436 qua
766 3373 829 3415 non
853 3373 981 3429 semna,
1013 3350 1069 3415 sed
1094 3356 1219 3414 tantum
1244 3349 1348 3414 forma

113 3456 286 3540 eloquendi
317 3457 411 3520 metri
442 3455 548 3538 gratia
578 3454 782 3533 mutabatur,
814 3455 1035 3538 cognovimus,
1065 3454 1111 3518 sic
1139 3453 1235 3531 locis,
1267 3474 1348 3536 quos

112 3561 210 3627 modo
231 3560 458 3638 tractavimus,
491 3557 636 3640 enallage
667 3579 761 3623 casus
783 3558 834 3622 vel
863 3578 1021 3642 personae
1044 3557 1172 3622 videtur
1199 3556 1348 3621 similiter

112 3666 202 3730 facta
223 3685 293 3729 esse
312 3669 438 3728 tantum
460 3663 657 3728 narrationis
675 3662 851 3728 variandae
880 3683 979 3727 causa
1006 3661 1126 3726 affectu
1148 3661 1236 3726 nullo
1254 3681 1347 3725 acce·

114 3770 220 3848 dente,
249 3769 296 3833 ita
324 3774 361 3832 ut
383 3767 436 3831 hic
458 3788 586 3850 quoque
608 3766 714 3850 figura
735 3765 816 3830 nihil
838 3767 881 3831 sit
902 3766 963 3830 nisi
977 3765 1079 3847 ¹fucus
1103 3787 1142 3830 ac
1173 3765 1345 3830 ferramen.

200 3909 217 3992 ᾗ
243 3912 290 3972 18.
329 3905 520 3989 Priusquam
544 3905 639 3969 huius
660 3904 764 3989 partis
783 3904 878 3969 finem
902 3904 1029 3983 faciam,
1051 3904 1205 3969 nonnulla
1228 3903 1345 3986 addam
1378 3989 1380 3992 Ι

114 4010 155 4075 de
184 4009 273 4089 locis,
303 4008 357 4073 ubi
381 4008 491 4092 plures
521 4008 738 4092 apostrophen
769 4008 1008 4072 continuantur.
1029 4046 1072 4082 -,-
1095 4010 1200 4090 Atque
1223 4007 1275 4071 vix
1299 4014 1346 4071 est

113 4270 148 4324 de
174 4286 256 4323 versu
281 4268 420 4336 Partheni,
451 4286 533 4336 quem
558 4266 699 4337 Vergilius
731 4269 884 4322 aemulatus
916 4272 971 4335 est,
1000 4269 1093 4337 pergit
1126 4269 1180 4320 sic:
1217 4265 1271 4320 Sea
1305 4266 1348 4319 iili

112 4356 307 4410 Hetaerice
332 4373 388 4408 non
412 4371 479 4408 anne
496 4370 526 4407 re
547 4370 647 4423 parent
664 4369 750 4422 neque
767 4355 884 4407 similem
900 4354 965 4420 tecit
989 4352 1168 4423 (Vergilius):
1195 4368 1251 4408 csse
1276 4354 1347 4406 enim

112 4442 223 4496 uidetur
249 4440 364 4495 Homeri
391 4441 542 4508 sirripticior
568 4445 593 4492 ct
619 4441 758 4508 sincerior,
791 4440 906 4509 Vcrpitii
937 4445 1028 4493 autem
1057 4437 1288 4506 νεωτερικώιερος
1322 4445 1347 4492 et

114 4526 234 4596 quodam
253 4528 336 4596 qnasi
361 4527 510 4593 ferrumine
527 4527 649 4578 imnu'sso
680 4524 815 4591 intutior:
854 4529 965 4591 Ταῦρον
992 4519 1016 4578 δ’
1034 4520 1159 4594 Ἀλφειῷ,
1184 4526 1288 4592 ταῦρον
1317 4522 1346 4578 δὲ

116 4610 299 4667 Ποσειδάωνι.
341 4613 465 4666 Taurum
484 4612 622 4681 Neptuno,
642 4616 754 4666 taurum
772 4611 832 4679 tibi,
846 4611 960 4681 putenm
978 4610 1085 4680 Apollo.
